3740 5780
212 409 250 460 re
684 393 887 456 uteretur
913 393 1076 457 Timor
1095 395 1239 459 toron
1257 398 1313 460 ΙΘ.
1638 401 1796 485 (ωτι-η.)

250 549 269 590 ⁴-
291 528 339 597 Ti<
355 525 411 588 δίί
429 525 524 610 τρίπος
544 530 590 598 τῆς
603 524 673 594 θείας
689 525 798 608 τέχνης,
813 525 922 604 ὀνόματι
942 525 989 606 μίν
1061 540 1084 586 i.
1101 535 1237 588 Etmodum
1249 537 1797 606 quidemqoodirimbrecarnopercmrflff.

211 619 293 676 είπεῐν
307 619 354 675 αιἰκ
371 613 439 694 έχω,
453 613 510 694 eie-p
523 613 552 673 δὲ
563 615 644 686 αὐτῆς
662 613 710 685 τλν
731 611 840 693 δύναμιν
854 613 880 682 ἐξ
894 614 990 682 εἰκόνος
1030 621 1067 673 bis
1078 624 1211 688 exprimere
1223 640 1271 676 non
1283 640 1396 692 possum,
1406 625 1549 678 delineatam
1560 631 1642 679 earn.
1654 629 1695 678 mu
1703 630 1797 682 fimum.

211 705 323 766 τοιᾶσδε.
363 701 435 776 Ἤδη
450 701 512 763 ποτὲ
526 700 624 763 όθεάσω
637 705 701 761 νικῗιν
711 701 809 782 έρόσεις
819 704 848 761 έκ
859 699 990 772 θαλάττης
1029 709 1465 776 dinevimejuspoterisoognosoere.
1498 714 1728 778 Vidistineunquam
1736 729 1798 768 raro

212 793 281 866 άνω,
292 790 338 852 καί
349 791 426 850 λίθων
442 789 546 870 ἀγωγάς
560 793 696 872 θπερρυῶν
706 787 775 848 κατὰ
790 788 908 867 μέγεθος,
922 811 989 847 παν·
1030 795 1055 846 in
1066 797 1153 847 terraro
1169 797 1285 859 subduci,
1302 800 1345 849 aut
1362 799 1470 862 ingentes
1487 813 1601 850 saxorum
1614 800 1691 852 moics
1706 802 1798 867 impetiit

184 880 330 947 ιτοδαποίς
340 878 454 959 ἑλιγμοῖς
465 877 511 938 καί
521 879 693 960 ἀναστροφαῖς
704 875 829 958 ὀργάνων,
839 867 875 936 ὧν
882 873 990 936 έκαστον
1030 881 1095 944 qoud
1113 883 1185 932 vnriie
1203 883 1416 934 instrumentorum
1438 885 1545 936 motibus
1566 887 1798 952 morersionibusqne

209 968 273 1050 πρὸς
286 967 316 1028 τδ
330 965 440 1039 πλησίον
453 965 500 1038 τὴν
513 965 603 1048 ῥώμην
617 964 783 1045 νειμάμενοι,
798 962 884 1045 ἕτερον
895 962 920 1033 ἐξ
936 961 992 1022 ἐτέ-
1030 966 1081 1018 iteri
1092 967 1164 1031 uoiet,
1173 983 1276 1032 quorum
1291 970 1384 1032 siugub
1396 971 1479 1022 ricinis
1491 972 1540 1022 vim
1552 971 1659 1034 addunt,
1670 978 1694 1022 et
1704 974 1762 1023 alind
1773 975 1798 1026 de

210 1079 255 1140 ρου
268 1053 450 1136 διαδεχόμενον
462 1052 636 1132 τὴνάγυιγὴν,
648 1062 713 1113 κινεῖ
726 1052 756 1112 τδ
767 1051 889 1112 edumei
902 1051 932 1111 τδ
943 1049 990 1128 μέν
1030 1055 1078 1105 alio
1095 1061 1188 1106 motum
1210 1057 1315 1121 excipit,
1329 1061 1359 1108 ut
1379 1057 1520 1110 universum
1538 1059 1634 1122 pondus
1650 1067 1798 1124 promoveant

208 1145 268 1204 όλον
282 1143 337 1225 ίχει
351 1143 399 1214 τὴν
414 1141 500 1202 αίτίαν
517 1148 562 1202 τοῦ
580 1141 669 1222 ἔργου,
685 1137 906 1218 αυνεπιλαμθοίνει
925 1137 991 1198 δέτι
1031 1143 1076 1194 iiic
1091 1143 1154 1194 euim
1172 1158 1248 1209 quum
1269 1149 1320 1196 tota
1337 1145 1551 1198 instrumentorum
1568 1161 1685 1212 compago
1699 1149 1722 1198 id
1735 1149 1799 1200 iacere

209 1235 280 1316 αὐτῷ
294 1232 339 1292 καί
349 1229 382 1292 τά
394 1229 499 1312 μερικά.
542 1229 625 1292 Κάλει
645 1229 729 1290 τοίνυν
746 1227 866 1310 τεχνίτην
882 1225 929 1305 μίν
946 1225 991 1285 τὸν
1031 1229 1134 1294 dicatur,
1145 1232 1235 1296 aliquid
1250 1237 1330 1284 tamen
1346 1237 1536 1300 partesquoque
1552 1237 1687 1288 conserunt
1716 1241 1798 1289 112512.

173 1343 196 1384 ιο
209 1320 275 1394 θεδν,
290 1320 387 1402 όργανα
401 1317 429 1379 δὲ
446 1317 505 1386 τοδς
521 1317 658 1396 λογισμοὺς
675 1316 733 1384 τὼς
749 1316 939 1393 ἀνθρωπίνους,
953 1311 993 1373 τό·
1032 1322 1086 1368 tuas
1104 1319 1182 1383 ipsum
1198 1321 1312 1373 artificem
1332 1337 1386 1376 esse
1399 1325 1486 1388 deum,
1502 1328 1628 1378 muchium
1646 1327 1744 1378 nuens
1763 1329 1799 1380 bu·

208 1431 275 1490 χνην
286 1407 313 1467 δέ
324 1407 372 1479 τὴν
380 1405 520 1486 μαντικὴν,
528 1410 636 1466 σπῶσαν
646 1410 715 1482 ἡμᾶς
723 1403 766 1464 tei
774 1402 823 1475 τὴν
832 1400 938 1481 ἀγωγὴν
946 1405 992 1473 τῆς
1032 1419 1127 1468 manas,
1140 1413 1216 1460 artem
1228 1423 1286 1460 vero
1297 1411 1482 1476 divinationem,
1494 1429 1550 1478 qum
1559 1429 1604 1465 nos
1613 1415 1644 1465 ad
1658 1415 1800 1466 tataledeue

210 1493 378 1577 εἱμαρμένης.
427 1496 461 1554 Ei
480 1492 508 1552 δέ
524 1515 566 1552 σοι
585 1491 631 1551 καί
645 1492 807 1574 σαφεστέρας
826 1488 922 1556 εἰκόνος
940 1490 992 1562 δεῖ,
1032 1499 1084 1545 tum
1096 1495 1178 1547 trabit.
1211 1498 1303 1557 Quodsi
1313 1502 1467 1564 magisetiam
1477 1503 1628 1567 perspicuam
1636 1504 1800 1556 mimum

209 1583 262 1643 νόει
271 1606 316 1662 μοι
327 1581 474 1665 στρατηγὸν
487 1578 534 1660 μέν
542 1579 585 1640 τδν
597 1580 663 1652 θεὸν,
674 1578 811 1661 στρατείαν
822 1577 848 1637 δέ
858 1575 905 1648 τλν
914 1575 992 1651 ζωὴν,
1032 1584 1146 1648 requiris,
1156 1585 1218 1648 tinge
1228 1585 1301 1638 deum
1311 1589 1470 1652 eseeduoem,
1483 1591 1594 1642 militiam
1606 1593 1682 1642 ritem
1694 1599 1800 1656 nostram,

211 1671 319 1743 όπλίτην
332 1668 359 1729 δὲ
373 1670 417 1730 τὸν
431 1668 575 1750 ἄνθρωπον,
590 1666 709 1746 σύνθημα
723 1665 751 1726 δί
762 1664 810 1738 την
822 1663 992 1746 εἱμαρμένην,
1033 1671 1132 1722 militem
1141 1673 1400 1736 bominem,tesseram
1413 1677 1501 1741 tabum,
1512 1693 1579 1730 arma
1591 1679 1715 1732 monimum
1725 1681 1802 1732 heremi

174 1775 198 1815 io
212 1757 282 1820 όπλα
303 1756 330 1818 di
349 1757 396 1826 τθς
418 1756 553 1839 εὐπορίας,
571 1755 711 1834 πολεμίως
725 1753 754 1818 δὶ
777 1752 824 1822 τδς
844 1751 991 1835 συμφοράς,
1032 1772 1170 1825 concessas,
1192 1763 1302 1814 inimicos
1321 1765 1480 1828 calamitates,
1503 1769 1594 1818 sociam
1613 1768 1670 1821 beiii
1687 1770 1801 1831 rationem,

167 1859 168 1862 ’
211 1847 352 1928 σόμμαχον
369 1844 397 1904 δί
419 1844 463 1906 τδν
483 1842 620 1923 λογισμὸν,
636 1841 768 1924 άριατείαν
783 1839 811 1901 δέ
826 1839 874 1914 τὴν
888 1839 992 1924 ἀρετὴν,
1032 1847 1156 1900 victorum
1177 1851 1305 1915 uirtutem,
1325 1853 1417 1905 dodem
1438 1855 1633 1919 improbitatem,
1648 1855 1802 1908 divinationem

209 1927 291 2010 ἧτταν
302 1935 330 1994 <it
341 1931 388 2006 τὴν
403 1931 558 2014 μοχθηρίαν,
569 1931 697 2010 μαντικὴν
710 1927 737 1990 δέ
746 1927 794 2002 τὴν
805 1928 899 2009 τέχνην
911 1927 992 2000 αὐτὴν
1034 1949 1091 1987 vero
1106 1949 1160 1988 esse
1175 1951 1229 1990 eom
1246 1941 1336 2003 artem,
1351 1955 1407 2006 quae
1423 1955 1453 1993 ex
1471 1951 1586 2007 apparatu
1604 1946 1718 2009 presenti
1735 1947 1802 1996 [utun

212 2023 260 2097 πλν
276 2025 305 2082 ta
318 2027 364 2096 τῆς
376 2026 544 2103 παρασκευῆς
556 2018 731 2098 ἐπισταμένην
743 2016 773 2078 τδ
788 2016 894 2097 μέλλον.
938 2015 992 2077 Καί
1033 2025 1151 2087 mojicm.
1184 2026 1335 2078 Gubernator
1349 2029 1427 2092 enim,
1442 2031 1463 2082 εἰ
1478 2045 1566 2082 navem
1578 2033 1714 2096 babeat,ei
1730 2035 1802 2082 instro

210 2111 261 2195 γάρ
274 2109 436 2194 κυόερνητης
455 2116 518 2170 ναῦν
532 2109 610 2190 έχων,
624 2109 671 2168 καί
689 2106 763 2176 εἰδὼς
775 2106 809 2166 τὰ
822 2105 935 2188 όργανα,
947 2105 993 2165 καὶ
1034 2115 1113 2162 menta
1131 2114 1195 2164 norit
1213 2128 1268 2180 quae
1286 2117 1450 2179 requiruntur,
1466 2119 1487 2168 si
1508 2131 1576 2170 mare
1589 2121 1714 2185 inspiciet,
1728 2123 1801 2171 renim

172 2211 198 2252 θ’
209 2200 257 2275 την
272 2199 403 2261 θάλατταν
415 2203 492 2281 δρῶν,
504 2197 551 2258 καὶ
562 2196 746 2275 αἰσθανόμενος
759 2196 810 2254 τῶν
825 2192 992 2271 πνευμάτων,
1033 2200 1158 2264 observet,
1168 2201 1226 2266 quid
1236 2204 1343 2254 tutorum
1353 2207 1386 2255 sit
1397 2207 1478 2256 norit:
1489 2211 1514 2258 et
1525 2207 1590 2270 dux,
1603 2209 1761 2262 eunoun
1769 2209 1802 2259 br·

210 2281 263 2349 οίδι
286 2289 317 2349 τὸ
340 2285 553 2366 ἀποθησόμενον·
580 2286 626 2346 καί
649 2283 793 2366 στρατηγὸς
817 2278 993 2362 στρατόπεδον
1034 2288 1722 2362 bent,etarmnsuasciverit,etdenecessarioapparetu
1731 2298 1803 2362 cogito

211 2377 289 2458 έχων,
300 2376 346 2436 καὶ
356 2373 389 2435 nir
403 2374 473 2434 όπλα
486 2372 575 2444 εἰδὼς,
592 2370 638 2432 καὶ
649 2375 696 2444 τῆς
709 2373 877 2451 παρασκευῆς
889 2391 993 2446 μεμνη-
1034 2377 1108 2438 verit,
1117 2381 1143 2428 et
1154 2373 1260 2429 bostium
1275 2379 1408 2431 adrentum
1420 2382 1572 2446 providerit,
1584 2385 1642 2448 quid
1662 2385 1764 2436 tutorum
1778 2385 1804 2434 sit

212 2465 300 2545 μένος,
314 2463 360 2524 καί
377 2467 430 2522 τῶν
440 2460 574 2540 πολεμίων
590 2457 790 2536 αἰσθανόμενος,
812 2447 865 2516 όίδε
881 2455 911 2516 τὸ
928 2460 993 2514 ἀπο-
1033 2467 1116 2526 norim
1128 2471 1152 2515 et
1162 2467 1284 2530 medicus,
1294 2467 1314 2518 ei
1325 2483 1416 2532 aegrum
1428 2469 1521 2533 rideat,
1533 2475 1557 2520 ei
1568 2473 1681 2523 morbum
1690 2473 1804 2536 intelligat,

212 2552 372 2632 όησόμενον·
394 2549 440 2610 καί
464 2548 550 2630 ἱατρδς
570 2547 613 2607 τὸν
639 2545 773 2622 κάμνοντα
797 2543 870 2622 ἰδὼν,
887 2543 934 2603 καί
948 2547 994 2615 τῆς
1034 2553 1712 2622 etartissumuibisitconscius,quidiuturnmsitnorit
1741 2559 1804 2611 vtis

173 2661 198 2698 ιε
212 2640 289 2700 νόσου
311 2638 404 2710 ξυνεὶς,
425 2635 471 2697 καί
488 2641 536 2708 τῆς
555 2633 649 2715 τέχνης
669 2631 867 2711 αἰσθανόμενος,
888 2622 941 2690 οἶδε
963 2630 994 2690 τδ
1034 2647 1123 2705 qrranta
1132 2643 1163 2693 sit
1173 2643 1318 2695 barioiorom
1327 2647 1410 2710 copie,
1422 2661 1496 2710 quam
1507 2649 1586 2711 neria,
1595 2662 1669 2713 quam
1680 2648 1805 2709 mdticioaa,

213 2727 421 2806 ἀποθησόμενον.
468 2724 550 2806 Ὁρᾷς
569 2723 600 2782 τὸ
620 2724 718 2793 πλῆθος
736 2723 788 2778 τῶν
808 2719 936 2798 μάντεων,
960 2723 994 2786 όις
1035 2743 1106 2803 quem
1115 2732 1229 2794 penum,
1261 2733 1286 2785 sp
1298 2733 1454 2800 {mmmm
1466 2737 1805 2802 mmmmm,

213 2811 698 2899 σαφές,ὣιτῑ·1,νῑκθθ,ὧςῑῦστοχον.
740 2811 774 2870 Ei
792 2798 895 2886 μένοίίν
910 2807 940 2867 τὸ
954 2809 993 2891 ἐρ’
1035 2818 1125 2883 seipso
1136 2823 1230 2870 tanturn
1246 2820 1373 2886 penderet,
1386 2837 1434 2873 non
1449 2828 1585 2888 opoeeeset
1598 2823 1805 2874 divinationum·

212 2909 276 2984 ἡμῖν
296 2903 359 2963 αιἰτδ
378 2895 410 2976 ἦν
431 2901 489 2961 καθ’
508 2899 585 2974 αἱτδ,
604 2899 758 2970 ἀπήλλακτο
777 2895 805 2956 δὲ
822 2895 993 2978 εἱμαρμένης,
1035 2908 1150 2959 rumeiid
1161 2909 1239 2973 ipsum
1249 2923 1306 2961 cum
1315 2913 1367 2962 toto
1376 2911 1633 2976 memsamunqmm
1643 2910 1805 2976 pmsqrreden

213 2991 285 3054 οὐδὲν
295 2991 347 3052 ἔδει
359 2995 500 3072 μαντικῆς·
515 2993 537 3050 εἶ
548 2986 761 3066 θέᾶνακίκραται
771 3007 803 3044 το
816 2987 847 3067 ἐρ
867 2989 931 3063 ἥμιν
942 3009 995 3052 τοις
1035 2998 1121 3062 etipse
1136 2998 1193 3060 tati,
1213 2997 1239 3048 id
1258 2999 1324 3062 quod
1339 2999 1477 3050 necessitati
1493 2997 1629 3062 subiicitur,
1647 3000 1805 3050 divinationem

171 3095 199 3136 ³⁰
213 3080 293 3156 δλοις,
317 3081 395 3164 μέρος
415 3079 475 3140 ὅσον
496 3077 542 3138 καί
562 3083 639 3138 τοῦτο
658 3080 704 3148 τῆς
729 3071 902 3156 εἱμαρμένης,
926 3072 995 3133 κατδ
1035 3087 1139 3148 stoicem
1149 3085 1215 3149 quod
1227 3085 1265 3136 rei
1275 3085 1444 3144 certitudinem
1455 3086 1494 3135 rei
1505 3085 1695 3138 incertitudinem
1710 3085 1743 3136 rei
1752 3085 1805 3135 iutu.

212 3167 260 3250 μλν
274 3169 303 3230 τδ
315 3173 457 3250 ἀναγκαῖον
469 3172 486 3240 ἡ
498 3165 612 3244 μαντικὴ
627 3163 767 3237 πάσεται,
781 3159 849 3222 κατδ
865 3159 893 3221 δέ
906 3160 936 3221 τδ
948 3163 995 3236 δῆ-
1035 3185 1069 3223 rm
1078 3171 1188 3238 respicit,
1197 3172 1366 3224 consultationi
1375 3171 1524 3234 subjicietur.

211 3261 256 3319 λον
270 3257 288 3331 ἢ
304 3257 341 3336 μὴ
370 3263 387 3330 ἡ
401 3255 494 3336 γνώμη
508 3253 685 3338 βουλεύσεται.

253 3367 274 3406 ιι.
295 3343 368 3418 Ἤδη
392 3343 421 3404 δὲ
444 3344 490 3404 καί
518 3347 563 3402 τοῦ
587 3339 731 3420 όναγκαὶαι
755 3343 773 3410 ή
794 3339 886 3417 γνώμη
911 3336 957 3396 καί
976 3343 994 3410 η
1067 3347 1090 3392 ⁵.
1107 3340 1170 3401 Quid
1182 3339 1249 3404 qood
1258 3339 1300 3390 itti
1311 3339 1383 3390 etism
1393 3338 1560 3390 necessitatem
1572 3339 1676 3389 homene
1684 3351 1750 3388 mens
1758 3349 1804 3386 cum

212 3431 325 3512 μαντικὴ
341 3431 482 3504 δηλωτική.
524 3431 588 3496 Πῶς
608 3428 654 3488 καί
672 3427 731 3486 τίνα
750 3424 844 3506 τρόπον
868 3423 994 3502 ἱκατίρα;
1035 3428 1181 3479 divinatione
1192 3429 1283 3492 aperit?
1295 3427 1438 3490 Quomodo,
1452 3427 1534 3489 dices,
1546 3427 1664 3491 utraque?
1676 3429 1735 3478 sane
1746 3423 1804 3475 sicui·

172 3531 198 3572 ὅ
211 3519 337 3602 Λῦχμυίις
357 3519 413 3598 μίν,
434 3518 481 3579 καί
493 3516 652 3598 έπεμθρίας,
672 3515 718 3575 καί
740 3512 862 3592 σεισμοὺς
877 3517 938 3590 γῆς,
950 3512 996 3571 καί
1036 3518 1111 3577 tetes,
1130 3516 1265 3580 pluviarum
1278 3516 1386 3580 copiam,
1405 3519 1431 3566 et
1447 3519 1516 3566 terrm
1533 3517 1629 3576 motus,
1644 3518 1668 3566 ei
1681 3515 1804 3578 crepuere·

211 3609 292 3692 πυρὸς
312 3605 438 3682 έκόολδς,
460 3606 505 3667 καί
525 3605 681 3685 πνευμάτων
702 3601 828 3682 ἐμόολδις,
850 3600 895 3660 καί
913 3599 995 3682 όίρυιν
1036 3601 1803 3670 ipuium,etventorumimpetue,etmutationesaeris,uondeus

213 3695 361 3776 μεταόολθς
383 3697 412 3755 οὐ
435 3694 490 3764 θεὸς
510 3685 563 3753 οίδε
582 3693 671 3771 μόνος,
695 3689 764 3756 ἀλλὰ
786 3689 831 3750 καί
854 3687 995 3772 ἀνθρώπων
1036 3693 1321 3758 provideanteum
1334 3691 1605 3756 etdiriuiingeuiiriri.
1638 3695 1801 3744 {uortend-

212 3784 416 3864 θεοιδαιμόνιοι.
457 3782 537 3844 Οίίτω
546 3781 592 3843 καί
604 3779 756 3864 Φερεκύδης
767 3777 874 3857 σεισμὸν
886 3775 997 3856 Σαμίοις
1036 3781 1249 3846 enemente
1263 3781 1360 3842 samiis,
1377 3773 1576 3832 eiimmineniem
1591 3781 1682 3844 pestem
1697 3775 1803 3830 Thessalia

211 3873 390 3958 προεμήνυσε,
414 3871 459 3932 καὶ
487 3870 667 3953 Ἱπποκράτης
691 3869 835 3934 Θετταλοῖς
855 3865 996 3948 προσιόντα
1037 3871 1209 3936 Hippocrates,
1231 3872 1257 3920 et
1281 3868 1402 3920 detectum
1424 3869 1483 3919 solis
1503 3867 1665 3919 Clazomeniis
1686 3863 1803 3922 mnenon

172 3963 311 4041 Ιθλοιμδν,
326 3961 372 4021 καί
387 3959 518 4040 Τιμήσιος
537 3955 725 4035 Κλαζομενίοις
744 3955 897 4015 ἐκλείποντα
914 3953 996 4027 ἥλιον,
1037 3956 1224 4022 aliusqueaiiud
1239 3957 1359 4022 pmdirit
1395 3956 1523 4017 Quomodo
1541 3954 1734 4020 conumquein
1747 3952 1802 4016 pute

211 4050 257 4110 καὶ
271 4049 349 4118 άλλος
362 4050 427 4109 ἄλλο
447 4071 481 4108 τι.
524 4050 586 4115 Πῶς
599 4044 627 4106 δί
642 4043 674 4118 δὴ
691 4043 737 4104 καί
751 4043 805 4111 θεδς
817 4047 870 4102 τῶν
888 4041 938 4102 όσα
957 4043 996 4124 ἐρ’
1038 4049 1100 4100 state
1111 4051 1192 4099 nostra
1203 4051 1273 4110 sunt,
1284 4046 1390 4110 predicti
1402 4045 1477 4098 deus?

211 4141 275 4217 ἡμῖν
287 4135 531 4217 καταμαντεόεται;

272 4271 313 4330 Μὴ
325 4267 580 4335 σπεῖρετέκνωνέλοιια
590 4263 784 4331 δαιμόνωνότερ,
1091 4254 1360 4312 neubemtnenmbtto,
1373 4253 1448 4300 invito
1460 4251 1516 4308 deu,

211 4383 292 4452 θθεδς
304 4381 384 4464 λέγει·
1039 4383 1157 4436 eitdeus:

172 4535 199 4574 ιε
275 4516 320 4566 Ἦν
328 4516 374 4580 γὰρ
382 4515 495 4580 φυτεύσῃς
504 4515 578 4575 παῖδ’,
591 4509 827 4574 dnmrcmie'dpic.
1092 4507 1166 4554 riatur
1174 4507 1293 4564 parentem
1303 4511 1403 4559 namque
1411 4499 1521 4548 manabit
1529 4510 1606 4546 snum.

213 4633 308 4692 Ταῦτα
321 4627 393 4708 λέγει
407 4629 464 4708 μέν,
483 4627 551 4689 ἀλλὰ
562 4619 630 4688 σ’ίδεν
646 4624 719 4706 δνδρὶ
730 4621 915 4703 συμόουλεόων
933 4623 999 4680 uixe-
1039 4628 1098 4676 iiaec
1111 4623 1170 4673 dicit
1181 4621 1292 4684 quidem,
1304 4633 1352 4669 non
1364 4619 1456 4681 ignerat
1469 4615 1551 4666 tameo
1562 4609 1726 4677 intemperanti
1739 4612 1761 4660 ei
1773 4603 1800 4653 ii·

213 4715 304 4798 λάστιρ
321 4717 367 4775 καί
379 4719 487 4797 ἀκρατεῖ
498 4714 591 4795 μέθης,
604 4715 651 4775 καὶ
664 4713 707 4772 διὰ
720 4717 797 4772 τοῦτο
815 4707 938 4790 προλέγει
951 4707 999 4782 τὴν
1039 4727 1097 4765 noso
1107 4711 1198 4763 bomini
1209 4706 1448 4767 consiliumsedare,
1459 4704 1561 4767 ideoque
1576 4703 1683 4752 suturam
1698 4693 1799 4749 calami&

214 4803 360 4887 συμφοράν·
376 4796 408 4875 ἧς
419 4802 536 4882 παρέσχε
549 4801 595 4879 μέν
610 4799 658 4875 τὴν
671 4798 780 4882 ἀρχὴνδ
801 4796 898 4876 Λάϊος,
915 4793 999 4876 έγνόι-
1039 4807 1089 4853 tem
1105 4799 1212 4865 prmlicit
1225 4798 1311 4860 :cuius
1325 4807 1423 4845 mosem
1434 4791 1533 4856 quidem
1548 4790 1654 4855 prnbuit
1672 4787 1750 4847 Laius,
1765 4777 1800 4830 iifl

215 4915 271 4975 ρισε
287 4892 313 4950 δὲ
324 4890 373 4964 τὴν
384 4890 469 4950 αίτίαν
484 4895 499 4948 δ
514 4890 576 4957 θεός.
1039 4891 1100 4942 deus
1112 4887 1175 4939 unde
1183 4890 1298 4938 eventura
1308 4883 1341 4934 sit
1351 4881 1500 4947 prouiderat

173 5049 202 5092 ⁵⁰
276 5045 376 5106 Κροῖσοι
383 5041 449 5091 Ἅλυν
458 5039 539 5096 &uide
548 5037 649 5102 μεγάλην
659 5037 733 5102 ioxep
741 5035 877 5086 καταλύσει·
1092 5032 1184 5079 crmnun
1193 5027 1269 5084 lialyn
1282 5025 1406 5082 penetrans
1414 5029 1521 5078 magnam
1531 5015 1648 5080 pervertet
1656 5007 1788 5070 opuntem:

215 5145 256 5210 ότι
267 5145 315 5228 μίν
327 5144 481 5218 διαόήσεται
493 5145 521 5202 οὔ
532 5141 616 5223 λέγει,
628 5140 655 5201 τί
668 5139 696 5201 δέ
709 5139 828 5200 πείσεται
841 5136 949 5212 deside,
958 5134 1000 5198 λέ.
1041 5139 1196 5192 transiturum
1212 5147 1268 5186 eum
1281 5145 1335 5184 esse
1351 5144 1399 5182 nun
1410 5127 1482 5189 dicit;
1496 5124 1539 5176 sod
1552 5122 1612 5189 quid
1626 5125 1680 5186 ροοι
1689 5113 1798 5166 omniun

216 5257 265 5317 ἱῑῑ·
307 5236 342 5298 Ei
359 5231 386 5294 δέ
401 5229 562 5302 &dimitte
576 5234 622 5302 τῆς
638 5232 793 5307 συμπλοκῆς
809 5225 1000 5294 caticuminum
1040 5224 1216 5282 erenimumei
1232 5223 1277 5286 eit,
1289 5220 1355 5272 eicit
1387 5213 1481 5278 udoni
1496 5209 1620 5265 οτεοαὶιιιιι
1631 5203 1733 5260 dirinnm
1745 5207 1796 5252 orae
