3738 5772
452 411 656 474 EPICTETI
685 407 1086 486 DISSERTATIONES,
1112 411 1157 492 ll,
1185 423 1233 476 2³.
1589 430 1643 484 ltl

63 569 149 623 πευκεν,
159 549 191 612 ὡς
202 541 234 602 cd
251 543 415 622 ὑποδήματα
426 543 560 622 σπογγίζει
575 541 609 603 cd
624 547 731 618 ἓαυτοῑί;
746 547 781 610 ὡς
792 541 823 602 τθ
866 551 959 602 calceoe
966 565 1024 604 sues
1030 555 1129 617 spongia
1138 555 1222 616 tergit?
1231 555 1399 618 utjumentnm
1410 569 1482 608 auum
1489 561 1649 613 euntium

63 641 150 707 κτῆνος
162 632 236 691 πόθεν
248 621 338 704 οἶδας,
354 635 377 691 εἷ
391 631 438 704 τὴν
447 632 538 714 χρείαν
552 633 576 691 τ’
591 631 761 691 ἀπούαλόντα
774 629 822 702 τὴν
866 639 926 702 scia,
938 652 968 689 an
977 644 1015 702 te,
1027 654 1083 690 cum
1094 642 1187 692 vasculi
1199 657 1270 694 usum
1281 643 1389 706 praebere
1399 645 1511 709 desieris,
1523 647 1556 698 ita
1567 649 1599 698 ait
1607 649 1648 700 ab·

63 720 231 802 τοθσκευκρίου
246 718 499 802 ρίψειῶςκατεαγθς
508 719 641 793 πινάκιον,
684 721 729 798 (aa)
744 717 823 779 ’llil
863 726 1180 790 jecturua‚utceulrectam
1196 731 1325 795 patellam?
1358 732 1586 798 (dnldturerrnea
1596 741 1648 798 eet,

63 811 113 888 γυνή
130 833 174 887 μω
193 806 261 877 ἐστὶ,
287 807 336 867 καὶ
354 807 471 890 τοσούτῳ
487 807 574 890 χρόνῳ
593 806 822 886 συμὸεὸιόοκαμεν.
866 817 1100 881 ίααίοηυαῑεωροτο
1113 820 1284 869 unaviximue.
1326 822 1450 879 Quantum
1466 825 1650 887 rerctemporia

64 898 127 978 Πόσῳ
135 897 154 956 δ
162 902 179 968 ἡ
196 894 328 977 Ἐριφύλη
345 895 413 974 μετὰ
424 901 469 956 τοῦ
480 895 660 978 Ἀμφιαράου,
670 895 716 955 καλ
725 893 823 954 τέκνων
866 904 979 968 Eriphyle
990 919 1045 955 cum
1062 907 1206 970 Amphiarao
1217 907 1293 958 vixit?
1304 911 1329 958 et
1340 907 1470 960 liberorum
1481 911 1553 960 etiem
1570 918 1649 964 mater

64 985 306 1068 μήτηρκαλπολλῶνρ
319 984 380 1044 ἀλλ’
390 983 468 1066 ὅρμος
477 975 554 1056 ἦλθεν
562 988 598 1052 εἰς
606 984 637 1043 cd
644 983 733 1062 μέσον.
777 985 822 1062 (ιο)
866 992 1405 1048 fuitmulterum:rernmmcndeinterceeait
1439 998 1648 1061 (33)Quidautenn

63 1074 177 1136 Τίδέστὶν
185 1072 278 1155 όρμος;
286 1073 329 1133 Τὸ
337 1071 424 1152 δόγμα
433 1072 464 1132 τὸ
473 1070 533 1154 περὶ
541 1073 732 1132 τῶντοιούτων·
740 1073 823 1132 ἐκεῖνο
865 1085 903 1130 eet
914 1081 1019 1132 monile?
1027 1085 1156 1133 Decretum
1168 1083 1198 1134 de
1207 1083 1345 1145 hujusmodi
1354 1085 1426 1137 rebus
1438 1099 1445 1134 ι
1455 1086 1502 1136 hec
1511 1086 1557 1136 ierit
1566 1087 1648 1139 bellui-

63 1157 86 1235 ἦν
96 1165 120 1222 τό
132 1163 263 1245 θηριῶδες,
273 1162 362 1219 ἐκεῖνο
371 1160 402 1219 τδ
412 1159 551 1220 διακόπτον
563 1159 611 1233 τὴν
621 1161 719 1243 φιλίαν,
734 1159 764 1220 τὸ
775 1163 824 1220 οὐκ
866 1181 924 1218 num
935 1168 1008 1230 iliud,
1024 1169 1071 1219 hec
1080 1171 1212 1221 amicitiam
1224 1171 1335 1234 diremit;
1352 1172 1400 1232 inec
1410 1187 1511 1226 uxorem
1521 1187 1575 1226 eeae
1590 1189 1649 1226 uro·

63 1255 99 1310 θῶν
115 1243 173 1309 ε’ίναι
188 1247 236 1320 τὴν
255 1257 373 1328 γυναῖκά
384 1247 512 1326 γαμετὴν,
522 1247 570 1321 τὴν
585 1247 687 1329 μητέρα
709 1247 821 1328 μητέρα.
866 1269 930 1318 rem,
942 1261 1044 1308 matrem
1053 1271 1107 1308 ease
1118 1263 1221 1308 matrem
1229 1273 1280 1309 non
1291 1259 1357 1310 sivit.
1391 1261 1440 1324 (di)
1450 1263 1564 1312 Vestrtlm
1575 1263 1648 1314 etiam

63 1343 97 1417 ς’νι)
108 1338 231 1416 Καίθμῶν
240 1335 313 1404 ὅστις
326 1335 488 1395 ἐσπούδακεν
502 1335 520 1408 ἢ
536 1336 613 1406 αθτός
622 1361 690 1397 τισιν
705 1328 771 1396 εἶναι
780 1336 823 1418 φί·
865 1345 976 1408 quiaquia
993 1344 1032 1396 vel
1051 1345 1103 1409 ipae
1117 1347 1210 1397 amicus
1227 1347 1299 1398 alicui
1317 1361 1384 1412 ease,
1399 1349 1439 1399 vel
1454 1349 1553 1402 alteriue
1568 1351 1649 1402 amici·

63 1431 105 1500 λος,
119 1426 219 1498 tillon
235 1423 390 1496 κτήσασθαι
399 1423 483 1506 φίλον,
493 1430 578 1484 ταῦτα
592 1423 626 1484 τὰ
641 1423 763 1504 δόγματα
777 1427 822 1484 ἐκ·
866 1432 924 1482 tiam
932 1433 978 1482 sibi
987 1434 1176 1498 parareatudet3
1186 1435 1208 1486 ia
1217 1434 1313 1486 decreta
1322 1435 1649 1501 hcecexddat‚lraac0derit‚

62 1516 168 1588 κοπτὲτοο,
184 1519 269 1573 ταῦτα
287 1511 446 1591 μισησότω,
460 1518 546 1572 ταῦτα
565 1511 715 1582 ἐξελασσίτω
731 1516 762 1572 ἐκ
776 1515 823 1586 τῆς
840 1507 845 1638 )
866 1521 920 1570 haec
930 1521 1036 1583 expellat
1045 1534 1076 1571 ex
1087 1523 1166 1572 anime
1178 1537 1231 1574 sue.
1263 1523 1311 1588 (35)
1322 1525 1362 1574 Sic
1372 1525 1538 1590 primumipae
1548 1526 1651 1577 sibinen

62 1607 127 1684 ψυχῆς
134 1608 177 1674 τῆς
185 1606 290 1663 ἑαυτοῦ.
339 1601 383 1680 (ιε)
397 1598 452 1660 Καὶ
467 1599 549 1669 οὕτως
564 1599 638 1660 ἔσται
656 1603 760 1682 πρῶτον
775 1599 823 1678 μὲν
866 1609 1064 1672 maledicacem
1074 1611 1290 1674 repugnatricem
1300 1612 1402 1664 mutabit
1412 1613 1555 1676 conuitium,
1567 1627 1650 1666 uenae

62 1693 119 1760 σθτθς
131 1694 208 1772 ἑαυτῷ
219 1688 256 1768 με)
268 1688 488 1771 λοιδορούμενος,
501 1687 538 1767 μὴ
548 1687 712 1770 μαχόμενος,
725 1686 762 1765 μὴ
773 1712 824 1765 με·
866 1697 945 1761 ipsum
957 1699 1123 1749 excruciabit:
1156 1699 1204 1763 (33)
1219 1699 1306 1752 deinde
1316 1700 1399 1764 alteri,
1411 1701 1433 1751 ai
1443 1702 1475 1752 sit
1485 1701 1532 1766 ipsi
1546 1703 1650 1765 similia,

61 1785 145 1852 τιναῗιν,
155 1780 189 1858 μὴ
206 1777 360 1860 βασανίζων
372 1773 472 1835 ἑαυτόν·
516 1778 561 1856 (τι)
574 1777 665 1836 ἔπειτα
679 1777 725 1836 καὶ
734 1775 823 1858 ἑτέρῳ,
866 1785 936 1849 plene
947 1791 972 1837 et
983 1785 1034 1837 siue
1044 1786 1186 1850 'exceptione
1196 1788 1289 1838 amicua
1299 1789 1358 1850 erit;
1370 1788 1513 1840 dissimilem
1521 1803 1580 1842 rere
1590 1792 1649 1842 tule-

61 1867 131 1950 τῷμθν
139 1868 228 1950 ὁμοίῳ,
236 1865 322 1925 παντὶ
333 1865 433 1932 ἁπλῶς·
442 1870 489 1924 τοῦ
502 1865 524 1923 δ’
535 1865 659 1944 ἀνομοίου
674 1863 823 1938 ἀνεκτικδς,
866 1873 942 1936 rabit,
954 1874 1014 1925 lenia
1025 1873 1071 1925 erit
1079 1887 1133 1937 erga
1145 1888 1215 1937 eum,
1227 1878 1384 1938 mansuetae,
1396 1875 1474 1928 facilia
1482 1876 1514 1928 ad
1527 1877 1649 1941 ignescen-

60 1967 124 2039 τρᾷος
142 1955 202 2036 πρὸς
225 1953 321 2027 αὐτὸν,
343 1953 456 2035 ἥμερος,
480 1952 688 2034 συγγνωμονικός
708 1957 744 2021 ῶς
759 1951 825 2034 πρδς
866 1962 978 2024 dum,ut
992 1963 1169 2027 igneranti,ut
1185 1963 1335 2014 maximisin
1351 1965 1424 2015 rehue
1439 1965 1543 2028 errauti3
1561 1967 1649 2017 nemini

61 2049 189 2123 ἀγνοοῦντα,
209 2049 245 2112 ὡς
264 2041 337 2125 πρὸς
349 2039 524 2100 διαπίπτοντα
539 2041 599 2123 περὶ
612 2046 665 2102 τῶν
683 2040 823 2120 μεγίστων·
867 2051 914 2101 erit
927 2051 1057 2112 molentun,
1076 2055 1160 2116 utpote
1171 2051 1214 2116 qui
1225 2051 1374 2102 Platonicum
1392 2051 1451 2106 iilud
1468 2053 1541 2116 prebe
1551 2054 1649 2117 calleat,

60 2133 123 2193 ὠδενλ
137 2132 272 2214 χαλεπὸς,
287 2129 332 2190 ἅτ’
349 2127 423 2197 εἰδὼς
433 2129 646 2212 ἀκριόῶςτδτού
668 2129 824 2204 Πλάτωνος,
868 2153 990 2190 «emnem
1000 2141 1105 2190 animam
1114 2140 1215 2191 invitm
1225 2140 1325 2190 imitate
1340 2141 1463 2204 privari.»
1497 2141 1545 2204 (37)
1554 2143 1650 2206 Alioqui

61 2222 89 2280 ότι
103 2225 173 2282 Πᾶσα
190 2220 265 2304 ψυχὴ
290 2217 397 2278 ἄκουσα
408 2216 529 2299 στέρεται
545 2223 592 2291 ιη”ς
606 2219 736 2292 ἀληθείας.
780 2221 823 2297 (37)
867 2233 946 2278 σείετο
954 2227 1053 2291 quidem
1062 2229 1222 2292 emnia,quoe
1238 2231 1296 2278 aaut
1304 2228 1651 2292 amicorum,tacietie;aimui

60 2313 83 2371 Εἰ
92 2311 114 2370 δὲ
126 2309 174 2388 μὴ,
190 2307 224 2368 τά
244 2305 298 2386 μὲν
319 2305 389 2364 ἄλλα
408 2304 520 2386 πράξετε
534 2305 620 2367 πάντα
635 2306 683 2367 ὅσα
697 2311 721 2368 οἱ
741 2307 824 2389 φίλοι,
867 2317 994 2380 potabitis,
1006 2317 1078 2368 aiurul
1090 2316 1245 2378 habitabitis,
1258 2316 1330 2366 simul
1346 2317 1502 2380 navigabilis,
1520 2321 1545 2368 et
1560 2317 1651 2370 eisdem

59 2399 92 2456 κτί
104 2399 264 2476 ουμπιεῒσθε,
285 2393 335 2454 καὶ
354 2394 545 2473 συσκηνήσετε,
567 2404 613 2454 καί
631 2393 824 2475 συμπλεύσετε,
868 2405 975 2468 prognati
987 2404 1126 2468 parentibus
1142 2405 1211 2456 eritis
1224 2419 1231 2453 :
1243 2412 1335 2455 namet
1350 2404 1435 2478 οαθειιρ
1447 2404 1500 2456 uec
1510 2419 1599 2469 unguen
1609 2407 1650 2480 ire·

59 2487 92 2545 κιί
102 2489 184 2546 ἐκτῶν
196 2487 287 2544 αὐτῶν
297 2482 466 2562 γεγενημένοι
478 2481 580 2543 ἔσεσθε·
592 2483 638 2542 καλ
649 2480 700 2566 γάρ
712 2487 735 2542 cl
747 2483 825 2566 ὄφεις·
868 2493 924 2543 bere
935 2497 1047 2557 pomum,
1057 2506 1201 2556 requerere
1210 2492 1299 2542 idcirce
1308 2492 1380 2544 amici
1388 2497 1461 2554 αιτιοι,
1470 2506 1516 2544 nec
1524 2506 1569 2544 rea
1580 2495 1651 2544 arnici

59 2577 111 2655 ρθοι
128 2577 148 2634 δ’
166 2574 219 2634 οὔτ’
238 2577 355 2644 ἐκεῖνον,
373 2568 426 2630 οὔθ’
444 2574 531 2648 ὑμεῖς,
546 2570 639 2654 μέχρις
652 2571 683 2630 δν
698 2571 776 2654 ἔχητε
791 2569 825 2632 cd
868 2581 949 2644 eritis,
961 2580 1119 2646 quoadusque
1127 2581 1234 2634 nedum
1242 2580 1399 2632 emesena
1409 2579 1505 2632 decreta
1514 2579 1659 2634 tenueritia.'

59 2663 150 2746 θηριόνδη
156 2669 239 2721 ταῦτα
249 2659 300 2720 καί
311 2657 396 2742 μιαρά
407 2657 536 2738 δόγματα.

355 2821 429 2868 linc.
449 2814 507 2868 ΚΓ.
954 2889 960 2900 1
1173 2829 1242 2877 GAP.
1259 2827 1349 2877 XXIII.

239 2959 302 3023 Περὶ
309 2961 350 3015 τῆς
359 2960 401 3006 τοῦ
413 2955 487 3018 λέγειν
497 2955 624 3020 δυνάμεως.
1111 2948 1415 3020 Dcdloettdtfadttlidie.

88 3102 105 3142 1.
125 3085 229 3146 Βιθλίον
239 3093 295 3151 πᾶς
310 3081 342 3142 ἀν
353 3081 427 3153 ἥδιον
440 3077 562 3161 ἀναγνῴη
577 3080 623 3140 καί
638 3085 699 3164 ῥᾷον
709 3081 739 3142 τθ
750 3083 826 3156 εθση-
903 3096 925 3141 t.
942 3089 1041 3142 librum
1052 3089 1191 3140 clarioribus
1201 3090 1277 3140 literis
1288 3089 1405 3154 scriptum
1420 3104 1491 3141 neme
1502 3093 1540 3142 eat
1551 3093 1610 3156 quin
1621 3093 1653 3144 le·

57 3171 157 3252 μοιέροις
167 3173 316 3256 γράμμασι
333 3167 525 3249 γεγραμμένον.
567 3171 670 3230 Οὐκοῦν
682 3168 727 3228 καί
738 3169 829 3248 λόγους
846 3189 850 3295 γ
869 3183 910 3244 gat
928 3178 1055 3238 libentius,
1072 3182 1144 3240 etque
1160 3179 1232 3228 etiem
1249 3177 1351 3228 lucilius.
1385 3182 1422 3229 lta
1440 3191 1562 3230 sermones
1579 3181 1654 3230 etiem

57 3267 96 3326 πᾶς
106 3259 134 3318 ἄν
144 3285 181 3329 τις
196 3265 261 3344 ῥᾷον
278 3255 391 3316 ἀκούσαι
402 3255 462 3323 τοθς
480 3255 641 3337 εὐσχήμοσιν
655 3257 712 3336 όίμα
726 3259 770 3318 καλ
785 3261 828 3318 εὖ·
871 3268 934 3333 eptis
943 3271 967 3318 et
976 3265 1117 3316 decentibus
1125 3265 1207 3316 verbis
1216 3266 1363 3330 compositas
1373 3267 1453 3330 quivis
1462 3267 1555 3318 iaciliue
1564 3268 1654 3319 audiet.

56 3347 162 3426 πραπίσιν
172 3349 289 3427 ὀνόμασι
303 3345 528 3424 σεσημασμὲνους.
571 3345 602 3424 (ι)
615 3349 674 3405 Ούκ
689 3345 740 3429 ἀρα
752 3352 829 3406 τοῦτο
871 3352 1185 3420 (tillonergouegnudum
1194 3359 1232 3405 eat
1245 3367 1299 3404 esee
1312 3355 1418 3418 aliquam
1432 3356 1574 3407 elocutionis
1583 3358 1654 3408 iacul-

320 3433 429 3512 innupte
438 3435 507 3492 ἐστιν
518 3434 709 3514 ἀπαγγελτική.
742 3439 829 3496 Τοῦτο
872 3447 952 3496 tatem
986 3443 1112 3494 Hocenim
1124 3443 1234 3494 simulet
1245 3442 1314 3506 impii
1326 3443 1430 3494 heminis
1441 3443 1529 3507 tuerit,
1541 3449 1566 3495 et
1577 3445 1655 3496 timidi

57 3521 96 3603 γθρ
105 3523 157 3602 ἅμα
170 3521 218 3604 μὲν
231 3521 347 3589 ἀσεύοῗις
360 3522 430 3579 tectu
443 3519 598 3602 ἀνθρόπιου,
618 3521 675 3600 ἅμα
687 3521 715 3580 δὲ
730 3523 827 3583 δειλοῦ·
871 3532 997 3596 ignavique
1010 3546 1016 3580 :
1028 3531 1110 3595 impii,
1121 3529 1187 3594 qued
1198 3529 1309 3580 diuinum
1320 3530 1464 3582 heneficium
1475 3531 1591 3596 despicit,
1606 3547 1655 3584 nen

59 3610 150 3680 ἀοιθσῶς
165 3610 228 3692 μὲν,
241 3609 284 3671 ότι
297 3609 346 3676 τάς
355 3605 430 3690 παρά
440 3613 485 3668 τοῦ
498 3613 555 3667 θεοῦ
565 3608 677 3690 χάριτας
693 3610 827 3688 ἀτιμάζει·
872 3633 942 3671 necue
953 3633 983 3669 ec
991 3619 1012 3668 ei
1019 3618 1213 3669 commoditatem
1225 3619 1294 3669 viem
1304 3618 1433 3671 auditusre
1446 3625 1488 3670 aut
1500 3621 1567 3672 rocla
1579 3621 1655 3684 ipsius

57 3695 829 3782 θαπερεθἀνῄρειιὴνεθχρηστίαντῆςθρατικῆςῆτῆςάκου-
872 3708 975 3758 tolleret.
1008 3706 1041 3771 (3)
1054 3711 1146 3770 Ergone
1155 3706 1245 3756 trustra
1253 3707 1297 3757 tibi
1306 3706 1368 3758 deus
1376 3708 1459 3758 oculos
1474 3707 1655 3759 deditiiruatra

59 3792 133 3859 συκῆς
141 3783 322 3867 δυνάμεως,ἣ
334 3787 468 3856 υύτῆςτῆς
477 3789 633 3866 φωνητικῆς.
666 3789 697 3865 (3)
710 3789 778 3859 Είκῆ
786 3778 830 3847 σύν
873 3795 983 3859 spiritum
992 3795 1028 3845 eia
1041 3793 1128 3844 indidit
1137 3793 1198 3845 adeo
1206 3793 1315 3844 validum
1326 3797 1352 3844 et
1360 3793 1531 3856 ardficiomm,
1543 3799 1571 3844 ut
1582 3795 1656 3845 etiam

60 3876 178 3945 σιιθθεθς
190 3872 345 3959 ὀφθαλμούς
359 3875 468 3946 idunan
483 3875 540 3945 εἰκῆ
556 3879 661 3952 πνεῦμα
680 3877 830 3958 ἐνεκέρασεν
872 3883 966 3934 eminus
975 3887 1155 3946 conspectarum
1165 3881 1656 3946 rerumtormasrepreeentetiquiauun·
1688 3899 1691 3904 ¹

60 3964 131 4032 αὐτοῖς
150 3964 232 4032 οὕτως
253 3961 364 4042 ἰσχυρὸν
387 3960 434 4020 καί
453 3960 614 4042 φιλότεχνον,
637 3961 706 4022 ὥστε
726 3961 830 4047 μακράν
873 3972 1001 4035 ciuemque
1009 3970 1073 4021 celer
1081 3984 1109 4020 ac
1118 3969 1218 4032 diligens
1227 3971 1279 4020 est?
1321 3969 1354 4034 (i)
1364 3973 1493 4020 Frustrane
1503 3969 1657 4032 interiectum

60 4049 222 4131 ἐξικνούμενον
246 4047 447 4128 ἀναμάσσεσθαι
466 4047 525 4115 τοθς
544 4047 706 4117 removerim
727 4051 829 4132 δρωμί-
873 4072 1055 4124 quoqucaerem
1063 4062 1113 4108 tam
1125 4057 1247 4108 efficacem
1258 4057 1409 4107 etintentum
1419 4057 1488 4118 tecit,
1498 4059 1526 4107 ut
1534 4071 1576 4119 per
1585 4071 1656 4122 eum,

59 4160 113 4210 νυν,
129 4141 209 4220 [καί]
228 4147 303 4206 ποῖος
321 4138 429 4216 ἅγγελος
445 4135 527 4204 ούτως
544 4136 612 4206 ὠκὺς
627 4138 673 4198 καί
692 4140 831 4218 ἐπιμελής
874 4149 938 4198 certa
948 4145 1052 4210 quadam
1064 4147 1328 4208 rationemmmotum,
1340 4143 1658 4207 rieuspeuenetraruetre

63 4228 159 4300 (rlE‘uaip
168 4228 195 4288 δὲ
206 4227 256 4287 καλ
269 4227 314 4286 τθν
328 4223 425 4304 μεταξύ
438 4225 503 4305 ἀέρα
515 4223 595 4292 οὕτως
609 4227 710 4307 ἐνεργὸν
725 4227 831 4301 ἐποίησε
874 4245 904 4284 ne
921 4244 993 4296 perro
1008 4232 1095 4295 :iumen
1114 4228 1234 4294 condidit,
1250 4231 1303 4281 aine
1319 4244 1367 4294 que
1385 4235 1464 4282 cetere
1481 4233 1562 4283 emnia
1577 4237 1658 4300 eaeeut

61 4314 97 4372 καί
108 4315 216 4394 ἔντονον,
228 4313 299 4375 ὥστε
311 4316 344 4374 δι’
358 4317 437 4372 αὐτοῦ
448 4313 596 4390 τεινομένου
608 4337 664 4382 πως
679 4317 832 4376 διικνεῖσθαι
874 4319 957 4371 irrite?

61 4400 101 4472 rip
113 4403 214 4484 όρασιν;
224 4407 284 4476 εἰκῆ
296 4400 323 4461 δὲ
337 4405 391 4484 φῶς
403 4400 533 4479 ἐποίησεν,
543 4392 573 4461 ού
584 4400 621 4482 μὴ
632 4401 778 4485 παρόντος,
789 4407 834 4464 ού-

63 4489 122 4558 δενθς
131 4495 181 4550 τῶν
193 4491 280 4552 ἀλλων
290 4491 382 4573 ὄφελος
394 4480 442 4561 ἦν,

96 4599 116 4640 ο.
139 4577 286 4662 Ἄνθρωπε,
313 4577 374 4656 μήτ’
400 4575 542 4659 ἀχάριστος
565 4575 635 4655 ἴσθι,
660 4579 727 4655 μήτε
753 4579 833 4640 ποίλιν
907 4595 929 4638 3.
940 4591 1086 4649 ilem0‚neu
1097 4587 1205 4649 ingratus
1213 4588 1276 4648 ecto,
1285 4599 1346 4638 nere
1356 4600 1439 4638 ruram
1448 4586 1538 4639 idcirce
1546 4592 1663 4652 prestun

64 4666 181 4744 ἀμνήμων
197 4672 249 4728 τῶν
263 4665 433 4748 κρεισσόνων.
476 4663 545 4724 Ἀλλ’
559 4661 625 4746 ὑπὲρ
643 4665 690 4744 μὲν
706 4673 752 4726 τοῦ
770 4671 833 4749 θρᾷν
878 4677 964 4726 tiorum
975 4679 1028 4726 esto
1040 4675 1174 4724 immemor.
1207 4672 1360 4725 Sedcumde
1375 4675 1465 4726 riauet
1478 4675 1575 4738 auditu,
1589 4679 1661 4740 atque

63 4751 102 4810 ul
117 4754 224 4831 ἀκούειν,
235 4755 281 4815 καλ
295 4753 327 4826 νι)
339 4754 391 4815 Δία
409 4751 474 4833 ὑπὲρ
493 4754 573 4811 αὐτοῦ
591 4759 635 4810 τοῦ
655 4757 701 4834 ζῇν
716 4755 762 4814 καθ
782 4760 833 4816 τῶν
877 4761 1660 4826 adeodeipaeuita,ritaequeadjnmentie(cujusmodiauntlru·

63 4846 181 4918 συνεργῶν
192 4844 254 4924 πρὸς
267 4842 351 4918 αὐτὸ,
366 4839 431 4920 ὑπὲρ
442 4843 549 4920 καρπῶν
561 4839 656 4920 ξηρῶν,
670 4841 735 4922 ὑπὲρ
751 4842 833 4916 οίνου,
877 4856 958 4902 mente
974 4855 999 4900 et
1013 4851 1148 4913 legumine,
1160 4849 1295 4912 cujusmodi
1307 4851 1391 4900 vinum
1407 4855 1433 4900 et
1447 4851 1542 4914 oleum)
1560 4851 1660 4915 gratiam

63 4924 127 5006 θττίρ
139 4929 236 5006 ἐλαίου,
251 4929 527 5012 εύχαρίστειτῷθεῷ·
577 4929 608 5004 (ι)
625 4927 745 5005 μέμνησο
758 4929 780 4988 δ’
795 4929 835 4988 ὅτι
877 4937 964 4987 habeto
978 4935 1037 4999 deo;
1076 4937 1109 5002 (a)
1125 4939 1327 4988 tumveroetiam
1344 4942 1479 5000 memento,
1493 4938 1559 4988 alind
1571 4939 1660 5002 aliquid

67 5013 126 5072 ἀλλο
135 5015 157 5074 τί
166 5041 205 5077 σοι
215 5017 311 5077 δίδωκε
321 5017 440 5092 κρεῖττον
452 5013 575 5072 ἁπάντων
588 5016 698 5093 τούτοιν,
717 5016 747 5074 τὸ
766 5039 835 5098 χρη·
877 5026 909 5076 ab
918 5039 947 5076 eo
957 5025 1090 5077 tibidetunr
1100 5039 1153 5076 esse
1163 5026 1229 5078 hisce
1238 5027 1350 5076 omnibus
1359 5026 1528 5088 prestantius,
1540 5026 1604 5090 qrrcd
1615 5027 1659 5077 illie

67 5099 163 5176 σύμενον
182 5108 278 5179 αὐτοῖς,
300 5104 331 5164 τὸ
344 5101 499 5178 δοκιμοίσον,
518 5101 549 5162 τὸ
567 5103 616 5174 τὴν
635 5101 708 5171 ἀξίαν
724 5103 835 5163 ἑκάστου
878 5116 967 5175 utatur,
979 5113 1044 5178 qued
1062 5129 1091 5166 ee
1108 5115 1205 5179 probet,
1223 5114 1288 5178 quod
1306 5113 1411 5178 pretium
1429 5115 1546 5176 cujusque
1561 5115 1666 5164 etatum

67 5189 223 5272 λογιούμενον.
267 5195 303 5274 (ι)
317 5191 355 5252 Τί
372 5190 424 5270 γάρ
435 5193 491 5248 ἐστι
502 5191 532 5250 τὸ
547 5189 753 5273 ἀποφαινόμενον
770 5191 835 5272 θπθρ
882 5201 916 5265 (7)
925 5201 990 5260 Quid
1002 5203 1065 5254 euim
1075 5209 1112 5254 est
1121 5201 1187 5266 quod
1196 5202 1226 5252 de
1240 5203 1346 5265 qualibet
1358 5202 1442 5251 harum
1456 5200 1595 5252 securitatum
1608 5211 1662 5265 pru·
