3814 5792
131 622 393 718 ΜΑΡΚΟΥ
432 617 801 716 ΑΠΤΩΝΙΝΟΥ
998 615 1211 719 MARCI
1252 616 1584 724 ANTONINI

339 809 586 863 briotreidem:
1188 794 1396 846 tmusetuouts

211 952 712 1037 ΤΩΝΕΙΣΕΑΥΤΟΝ
986 917 1576 1004 commnmuamonum
1689 1026 1691 1040 ,

1085 1063 1167 1120 Quos
1183 1063 1253 1114 IPSE
1270 1065 1329 1114 SIBI
1344 1065 1495 1128 sculpsit,

361 1136 515 1197 bibilON
537 1147 571 1205 Α.
1150 1195 1262 1252 naenia
1281 1197 1432 1253 PRIMUS.

385 1291 548 1316 -οιοοο-ι

1207 1312 1371 1338 πονοι-υ

114 1391 187 1475 Παρὰ
203 1397 250 1452 τοῦ
268 1391 384 1451 πάππου
402 1389 523 1472 Οῖήρου,
537 1388 567 1449 τὰ
585 1386 712 1462 καλόηθες
726 1386 772 1448 καί
789 1387 854 1470 ἀόρ-
933 1405 953 1450 t.
970 1399 1015 1452 ivi
1024 1401 1079 1450 veri
1088 1401 1204 1466 exemplo
1212 1415 1318 1466 ορεναιιι
1326 1416 1366 1454 me
1376 1403 1440 1455 dore
1449 1407 1562 1470 oportet,
1572 1409 1598 1456 ut
1606 1407 1683 1458 marl·

83 1505 160 1561 neon,
899 1485 946 1539 bus
955 1487 1000 1538 εἰσι
1013 1489 1120 1539 moribus
1129 1503 1207 1554 neque
1216 1491 1258 1540 irae
1269 1490 1415 1556 Indulgeam.

115 1572 146 1649 β’.
166 1569 246 1653 Παρὰ
259 1574 309 1642 τῆς
320 1568 396 1642 δόξης
409 1567 456 1627 καί
470 1566 592 1646 μνήμης,
605 1571 652 1640 τῆς
662 1565 722 1650 περί
736 1571 782 1626 τοῦ
796 1587 854 1646 γιν-
931 1583 953 1627 t.
971 1577 1153 1628 Existimatiene
1168 1582 1193 1628 et
1209 1577 1373 1630 recordatione
1389 1579 1503 1644 genitmb
1514 1581 1562 1632 mei
1577 1581 1608 1633 ad
1621 1594 1684 1636 vere

84 1661 204 1736 νοήσαντος,
216 1659 248 1719 τὰ
263 1661 377 1738 αἰδῆμον
392 1658 438 1718 καί
453 1655 594 1740 ἀρρενικόν.
899 1662 1011 1714 cundiam
1020 1665 1045 1714 et
1056 1663 1164 1714 animum
1175 1664 1228 1716 vtro
1237 1665 1335 1728 dignum
1345 1669 1460 1718 excitari
1470 1665 1552 1719 debeo.

114 1748 146 1826 γ’.
165 1747 245 1832 Παρὰ
264 1753 313 1820 τῆς
332 1746 445 1828 μητρὸς,
467 1745 497 1804 τὸ
516 1744 634 1813 θεοσεὸὲς
655 1744 699 1805 καί
718 1745 855 1824 μεταδοτι-
930 1756 954 1801 3.
971 1753 999 1801 ln
1007 1756 1084 1802 matre
1093 1753 1239 1816 cecropium
1249 1753 1339 1811 babeat,
1351 1754 1447 1818 pietatis
1458 1755 1483 1805 in
1492 1759 1557 1808 Deos
1565 1759 1590 1806 et
1599 1755 1683 1808 libera·

82 1835 131 1893 κόν·
145 1835 187 1896 καί
200 1835 336 1917 ἐρεκτιαθν
350 1837 380 1894 οὐ
398 1833 477 1914 μόνον
490 1829 855 1906 metamaucensem
899 1838 986 1902 illatis,
1000 1840 1150 1890 abstinentiae
1162 1841 1581 1908 noneolumamaloperpetrando,
1599 1857 1683 1896 aarum
1728 1875 1748 1886 --

83 1929 119 1982 rab
133 1923 283 1992 ἐπίέννοίας
300 1924 417 2002 γίνεσθαι
438 1922 568 1994 τοιαύτης.
608 1918 671 1982 Ἔτι
690 1921 719 1981 δὲ
736 1919 766 1979 τὰ
783 1917 855 1978 iaris
899 1929 1187 1992 etiamcogitcnd03tum
1202 1929 1681 1998 tmgalitatisinrietu,quaeabopulen·

83 2011 141 2071 κατὰ
152 2011 197 2085 τὴν
218 2013 323 2073 δίαιταν
341 2013 387 2072 χαλ
406 2011 496 2096 πόρῥω
508 2015 554 2084 τῆς
574 2012 735 2082 πλουσιαχῆς
755 2010 853 2088 διαγω-
900 2013 980 2060 torum
990 2009 1039 2060 titt
1047 2013 1071 2060 θί
1083 2009 1257 2061 consuetudine
1269 2009 1406 2073 IOiigIdeIIItI
1415 2011 1492 2062 abeat.

83 2123 130 2178 ια-

117 2191 145 2250 d'.
166 2189 245 2272 Παρὰ
256 2196 304 2252 τοῦ
317 2188 495 2270 προπάππου,
511 2187 542 2248 τὰ
556 2187 593 2266 μὴ
604 2187 645 2255 είς
657 2185 783 2266 δημοσίας
797 2187 854 2244 δια·
931 2197 955 2244 l.
972 2199 992 2246 at
1008 2209 1098 2258 proavo
1107 2194 1202 2252 ασθαι,
1221 2193 1286 2260 quod
1295 2194 1404 2258 pubboos
1413 2195 1546 2248 litterarum
1556 2197 1625 2248 ludos
1635 2212 1682 2248 non

84 2276 162 2358 τριθὰς
178 2285 319 2360 ραιτῆσαι·
335 2279 381 2338 καὶ
395 2277 426 2338 rb
440 2281 544 2358 ἀγαθοῖς
562 2275 728 2343 διδασκάλοις
741 2274 799 2334 κατ’
814 2264 854 2333 οί-
900 2281 1061 2347 frequentavi,
1076 2287 1100 2334 et
1109 2283 1174 2333 domi
1183 2282 1252 2333 bonIs
1261 2284 1451 2348 praeceptoribus
1461 2298 1520 2335 usus
1529 2299 1596 2350 sum,
1610 2291 1683 2352 atque

84 2389 122 2424 ιον
133 2366 293 2448 χρήσασθαι,
307 2367 354 2427 καὶ
367 2366 398 2426 τὰ
411 2369 523 2446 γνῶναι,
538 2363 577 2424 ὅτι
590 2367 628 2430 είς
640 2363 674 2422 τὰ
688 2369 796 2423 τοιαῦτα
816 2363 857 2422 δεῖ
899 2368 1019 2434 intellexI,
1029 2371 1054 2420 in
1066 2369 1154 2420 talibus
1165 2371 1238 2422 rebus
1249 2384 1298 2422 nnn
1309 2371 1457 2436 parcendm
1465 2387 1519 2425 esee
1528 2375 1650 2440 impensis.

84 2457 178 2523 ἐκτενῶς
192 2456 350 2516 ἀναλίσκειν.
1049 2527 1052 2536 ,

118 2545 145 2604 ε’.
164 2544 245 2628 Παρὰ
264 2551 311 2605 τοῦ
331 2541 461 2626 τρορέως,
475 2541 505 2602 τὸ
519 2541 586 2622 μήτε
605 2540 772 2622 Πρασῑανὰς,
788 2539 855 2619 μήτε
931 2559 954 2604 5.
972 2553 1009 2604 ib
1022 2553 1166 2616 educatore,
1182 2568 1213 2604 ne
1230 2557 1258 2605 ιἰι
1272 2557 1341 2606 circo
1354 2559 1484 2620 spectator
1499 2559 1627 2609 Prasiouus
1642 2564 1682 2610 aut

84 2633 234 2707 Βενετιανθς,
257 2633 324 2712 μήτε
347 2629 545 2712 παλμουλάριος
566 2629 584 2702 ἢ
606 2627 759 2711 σκουτάριος
780 2627 855 2708 γενέ·
900 2643 1047 2692 venetianus
1063 2655 1124 2692 nere
1141 2642 1300 2706 parmularius
1315 2646 1358 2694 aut
1371 2647 1490 2695 scutarius
1504 2646 1598 2710 lienem,
1613 2651 1640 2697 ut
1651 2647 1683 2698 la·

85 2726 150 2779 σθαι·
163 2723 207 2782 καί
220 2722 251 2781 τὰ
265 2719 406 2804 φεράπονον
417 2719 462 2778 καῖ
476 2717 603 2798 όλιγοδεὲς
614 2717 659 2776 καί
674 2715 855 2798 αὖτουργικόν·
900 2729 970 2780 bores
990 2731 1147 2793 sustinerem,
1166 2729 1249 2794 paucis
1268 2731 1413 2794 indigerem,
1434 2733 1487 2797 ipse
1504 2735 1571 2798 operi
1593 2748 1679 2785 annus

84 2807 123 2865 καὶ
138 2808 166 2867 τὰ
191 2809 410 2891 ιἰπολόπραγμον·
428 2807 473 2867 καί
490 2807 520 2866 τὰ
538 2805 745 2888 δυσπρόσδεκτον
763 2805 854 2864 drabo·
899 2817 1066 2880 adarmrerem,
1081 2832 1161 2869 rerum
1175 2819 1306 2870 alienarum
1316 2834 1363 2870 nou
1375 2834 1453 2872 essem
1463 2823 1584 2886 curiosus,
1595 2837 1640 2876 neo
1648 2823 1683 2874 ta·

84 2897 131 2968 λῆς.
900 2905 946 2957 elle
958 2905 1103 2958 delationem
1112 2907 1271 2958 admIttcrem.

118 2985 148 3052 ς’.
167 2983 247 3069 Παρὰ
262 2983 419 3065 Διογνήτου,
432 2983 463 3044 τὰ
477 2982 680 3043 αἰκενόσπουδον·
694 2980 740 3040 καί
751 2981 782 3041 rb
793 2981 855 3040 ἂπι-
931 2999 954 3042 ο.
971 2993 1102 3056 Diognetus
1115 3007 1156 3044 aare
1168 2997 1284 3052 monuit,
1296 3007 1326 3046 nc
1336 2995 1445 3046 studium
1457 2996 1568 3046 insanas
1582 3009 1683 3048 reacun-

86 3073 194 3142 στητυιδν
205 3079 259 3142 τοῖς
270 3074 322 3133 ὑπὸ
333 3077 385 3133 τῶν
398 3068 608 3154 τερατευομίνων
619 3068 665 3129 καί
678 3067 781 3151 γοήτων
795 3067 856 3150 περί
900 3079 986 3131 terrem
998 3094 1077 3145 neque
1086 3081 1115 3132 iia
1126 3081 1198 3132 tidem
1210 3081 1336 3146 haberem,
1347 3097 1402 3146 que
1413 3083 1648 3148 apreeetiglatoribus
1660 3088 1684 3135 et

86 3160 188 3242 ἐπῳδῶν,
202 3161 321 3245 καὶπερὶ
335 3159 466 3239 δαιμόνων
478 3162 638 3237 άποπομπῆς
649 3157 695 3217 καῖ
706 3160 758 3216 τῶν
770 3155 855 3218 τοιού·
899 3169 1070 3233 impostoribus
1085 3169 1116 3219 de
1131 3169 1331 3220 incantationibus
1346 3177 1371 3221 et
1387 3171 1525 3222 demonum
1540 3172 1682 3236 expulsione

84 3271 129 3305 των
143 3250 300 3330 λεγομένοις·
318 3248 365 3310 καί
384 3249 414 3309 τὰ
431 3248 468 3327 μή
486 3248 693 3330 θρτυγοτρορεῖν,
713 3245 780 3324 μηδὲ
796 3245 856 3330 παρὰ
899 3257 1000 3322 aliisque
1009 3257 1061 3321 ejus
1070 3257 1162 3322 generis
1171 3258 1242 3308 rebus
1251 3263 1391 3322 namantur;
1403 3272 1481 3324 neque
1490 3260 1625 3310 coturnices
1636 3259 1683 3310 ale·

86 3335 223 3398 τὰτοιαῦτα
235 3341 386 3410 ἐπτοῆσθαι·
397 3335 444 3396 eal
455 3335 485 3395 τὰ
497 3332 799 3416 ἄνίχοοθαῑπαῤῥιοίαι·
811 3333 856 3393 καί
900 3359 966 3408 rem,
981 3359 1042 3398 nere
1058 3347 1142 3396 insana
1156 3345 1241 3396 talium
1258 3359 1339 3397 rerum
1355 3346 1513 3398 admistione
1530 3351 1637 3411 tenerer;
1657 3349 1684 3398 ut

72 3423 111 3482 ’τὸ
120 3429 276 3500 diarmitium
292 3427 432 3509 ριλοσορίρι
445 3425 490 3484 καί
504 3422 534 3484 τὰ
549 3427 676 3495 ἀκοῦσαι,
690 3425 794 3504 πρῶτον
808 3419 856 3502 μὰν
899 3435 974 3486 libere
985 3433 1049 3486 dicta
1057 3435 1214 3498 aequoanimo
1224 3434 1323 3497 terrem,
1332 3435 1491 3498 philosophiae
1501 3435 1683 3488 meaddicerem

88 3515 207 3596 Βακτρίου,
232 3507 288 3575 rien
312 3513 476 3582 Τανδάσιθος
496 3511 541 3572 καί
564 3515 734 3592 Μαρτιανοῦ·
757 3509 803 3570 καί
826 3509 856 3569 τὰ
900 3528 925 3574 et
936 3524 1041 3588 primum
1052 3522 1150 3586 quidem
1161 3522 1304 3586 Bacchium,
1315 3522 1402 3575 delude
1418 3537 1476 3574 rere
1490 3523 1650 3575 Tandssidem
1659 3528 1684 3576 et

87 3603 173 3684 γγίήοῑ
190 3603 326 3684 διαλόγους
337 3605 366 3662 lt
383 3600 471 3661 παιδί·
486 3601 532 3659 καί
545 3598 576 3659 τὰ
590 3598 733 3676 σκίμποδος
751 3597 797 3658 καί
818 3600 857 3659 δο-
900 3612 1046 3663 Marcianum
1057 3611 1177 3674 audirem3
1189 3615 1216 3661 ut
1227 3609 1333 3674 dialogos
1345 3623 1405 3676 puer
1416 3611 1496 3662 adbuc
1504 3612 1644 3674 scriberem,
1656 3617 1684 3661 nt

90 3699 127 3770 ρᾶς
137 3694 307 3772 ἐπιθυμῆσαι,
321 3691 366 3752 καί
378 3689 428 3750 θσα
438 3695 546 3751 τοιαῦτα
557 3691 604 3760 τῆς
615 3686 774 3760 Ἑλληνικῆς
786 3689 856 3770 ἄγω·
899 3699 1024 3764 grabnmn
1035 3705 1060 3752 et
1070 3700 1154 3766 pellem
1166 3701 1191 3750 et
1201 3705 1253 3764 etus
1262 3700 1355 3764 generis
1367 3701 1461 3762 omnia,
1470 3713 1525 3765 quae
1535 3699 1566 3751 ad
1576 3702 1683 3750 Grmcam

88 3783 127 3856 γῆς
140 3781 257 3862 ἐχόμενα.
899 3789 1050 3854 discipllnam
1061 3789 1348 3854 pertinent,expeterem.

121 3868 149 3938 ζ’.
170 3869 250 3949 Παρὰ
276 3867 448 3941 Ῥουστίκου,
472 3865 502 3926 τὸ
522 3865 613 3925 λαθεῖν
638 3864 784 3947 φαντασίαν
808 3871 855 3925 τοῦ
929 3883 953 3929 7.
978 3878 1077 3929 liustico
1095 3877 1186 3935 debeo,
1209 3877 1275 3942 quod
1293 3879 1318 3927 in
1345 3877 1511 3939 cogitationem
1536 3877 1604 3938 reni,
1624 3877 1684 3927 milri

89 3958 181 4036 χρῄζειν
203 3957 360 4042 διορθώσεως
375 3955 422 4018 καί
442 3953 579 4038 θεραπείας
595 3959 641 4014 τοῦ
659 3953 749 4026 ἤθους·
767 3952 812 4014 καί
825 3953 856 4013 τὰ
899 3979 995 4018 morum
1008 3965 1173 4017 emendatione
1189 3971 1214 4018 et
1228 3966 1350 4016 cambone
1365 3979 1427 4029 opus
1442 3978 1510 4027 esse,
1528 3964 1594 4028 quod
1606 3977 1685 4028 neque

89 4041 120 4120 μή
133 4049 288 4128 ἐκτραπῆναι
302 4048 337 4114 είς
351 4045 427 4118 ζῆλον
443 4041 601 4127 σοφιστικὸν,
616 4040 684 4120 μηδὲ
700 4039 753 4120 [τὸ
766 4042 777 4121 ]
792 4065 855 4123 συγ·
899 4053 930 4104 ad
945 4053 1124 4105 tumulationem
1140 4054 1296 4118 sophisticam
1312 4053 1442 4114 dectiuavi,
1459 4065 1537 4116 neque
1550 4052 1581 4102 de
1595 4053 1684 4104 tbeore·

87 4133 184 4216 γράρειν
202 4136 323 4218 περὶτῶν
342 4131 527 4214 θεωρημάτων,
542 4129 560 4204 ἢ
579 4129 759 4213 προτρεπτικὰ
772 4129 854 4210 λογά-
900 4143 971 4194 matis
991 4147 1165 4194 commentatus
1184 4155 1253 4206 suro,
1272 4146 1314 4192 aut
1329 4140 1502 4192 extrertatorlae
1521 4141 1683 4192 oratiunculas

88 4241 123 4298 ρια
136 4223 307 4302 διαλέγεσθαι,
319 4221 337 4295 ἢ
352 4219 604 4305 ραντασιοπλήκτως
615 4219 660 4278 τὰν
673 4217 823 4293 ἀσκητικὸν,
837 4217 854 4292 ἣ
899 4231 1043 4294 declamavi,
1056 4235 1099 4282 aut
1110 4231 1189 4282 rimm
1201 4235 1297 4281 strenue
1310 4229 1424 4282 exercitia
1438 4229 1581 4280 subeuntem
1593 4231 1684 4294 muniti·¹

87 4307 290 4391 τὰνεῦεργετυιὰν
306 4311 387 4394 ἄνδρα
408 4309 612 4370 ἐπιδείκνυσθαι·
627 4306 717 4368 καὶτὰ
735 4310 855 4381 ἀποστῆ-
899 4333 986 4372 cumve
997 4333 1037 4370 me
1046 4318 1188 4371 ostentando
1200 4317 1536 4370 bominesinadmirationem
1546 4318 1593 4370 mel
1602 4332 1684 4384 rapere
1793 4315 1796 4322 ’

88 4419 123 4456 aar
135 4403 280 4480 proruit,
294 4399 340 4458 καὶ
361 4402 513 4472 ποιηταῖς,
532 4397 578 4457 aet
597 4396 789 4476 ἀοτυολογίαι·
809 4395 855 4456 καί
904 4409 1000 4472 ουτως
1014 4409 1080 4473 qnod
1090 4422 1104 4460 a
1116 4407 1253 4470 eberones,
1269 4407 1350 4471 poesis
1365 4411 1391 4458 et
1408 4407 1558 4471 οιοςιοιιοαῑι
1573 4406 1685 4458 metiente

87 4484 112 4544 τὰ
124 4486 161 4564 μή
172 4490 196 4546 ἐν
207 4491 284 4570 στολῇ
296 4490 354 4547 κατ’
367 4478 437 4547 οἶκον
449 4490 612 4568 περιπατεῖν,
624 4484 691 4565 μηδὲ
702 4483 736 4544 τὰ
747 4489 855 4544 τοιαῦτα
900 4497 979 4548 ειυδίο
993 4495 1110 4556 ιθείῖιιυίς
1131 4493 1197 4559 quod
1208 4508 1257 4546 non
1268 4495 1413 4558 elegantiore
1426 4500 1494 4547 reste
1504 4494 1603 4546 indutus
1619 4495 1684 4546 domi

88 4578 173 4634 ποιεῖν·
189 4577 232 4637 καί
248 4577 279 4637 τὰ
298 4575 332 4636 τὰ
350 4574 487 4636 ἐπιστόλια
507 4575 610 4656 άρελῶς
625 4572 745 4659 γράρειν,
759 4565 811 4633 οἷον
825 4573 855 4633 τὰ
900 4583 1072 4648 ῖιιοοιίοςηυοιί
1078 4583 1192 4648 epistolas
1199 4583 1338 4647 simpliciter
1345 4583 1423 4633 scribo
1430 4582 1503 4633 Instar
1509 4583 1654 4646 eius,quaua
1664 4583 1685 4634 is

88 4663 124 4720 ὕπ’
137 4665 315 4726 adreberctane
328 4664 381 4724 ἀπὸ
395 4663 580 4742 Σινοέσσηςτῇ
594 4662 675 4744 μητρί
687 4685 737 4742 μου
749 4661 855 4746 γραρίν·
900 4674 952 4738 lpse
959 4673 1072 4724 sinuessa
1079 4671 1110 4722 ad
1118 4673 1219 4723 matrem
1225 4685 1305 4722 meam
1312 4671 1465 4735 dedit3quod
1470 4706 1477 4733 ,
1487 4671 1507 4722 ai
1515 4671 1556 4734 qui
1564 4685 1602 4722 me
1608 4671 1684 4721 irrIta·

89 4751 126 4811 καί
138 4753 166 4813 τὰ
182 4754 243 4836 πρὸς
260 4754 321 4823 τοῖος
333 4752 537 4835 χαλεπήναντος
553 4751 599 4811 καί
613 4749 857 4830 πλημμελήσαντας
899 4763 980 4813 verint
989 4765 1031 4812 aut
1040 4760 1130 4826 aliquid
1141 4761 1298 4825 deliquerint,
1308 4760 1338 4811 iis
1349 4759 1488 4824 placabilem
1499 4765 1525 4812 et
1535 4759 1567 4810 ad
1576 4761 1681 4813 remncb

89 4841 255 4916 εὐανακλήεως
268 4845 313 4904 καί
328 4841 537 4915 εὐδιαλλάκτως,
552 4839 658 4900 ἐπειδὰν
672 4838 726 4920 τάχ
728 4862 787 4898 ιστα
806 4841 856 4900 αθ·
899 4849 1006 4902 liandum
1020 4850 1113 4901 iacilern
1126 4862 1165 4900 me
1176 4849 1364 4914 praebeo,simul
1375 4853 1447 4912 atque
1457 4849 1482 4898 in
1495 4848 1595 4912 gratiam
1607 4848 1684 4902 redita

89 4929 121 4988 τοί
134 4932 276 4993 ἐπανελθεῖν
289 4931 449 5005 ίθελήσωσι,
463 4933 624 4991 διακεῖσθαι·
639 4928 685 4988 καί
698 4927 729 4987 τὰ
743 4927 857 5011 άκριόῶς
900 4939 1000 5000 νοΙυιιις
1017 4939 1083 5002 quod
1098 4938 1223 5001 diligenter
1238 4938 1316 5001 legere
1327 4936 1405 5000 soleo,
1420 4951 1468 4988 nou
1479 4941 1606 4988 contentus
1622 4951 1687 4988 sum·

90 5019 269 5099 ἀναγινώσκειν,
277 5021 323 5082 καί
334 5019 372 5101 μή
383 5021 518 5102 ἀρκεῖσθαι
527 5023 696 5101 περινοοῖῖντα
703 5019 856 5102 ὁλοσχερῶς·
900 5027 975 5078 marla
988 5027 1023 5077 rel
1038 5026 1205 5090 intelligentta,
1219 5037 1297 5089 neque
1312 5025 1413 5088 garrulis
1434 5030 1590 5089 properanter
1604 5039 1683 5076 asseu-

91 5109 143 5180 μηδὲ
161 5116 212 5180 τοῖς
230 5111 407 5194 περιλαλοῦσι
423 5108 523 5190 ταχέως
542 5105 792 5188 συγκατατίθεσθαι·
812 5105 858 5165 καί
901 5115 960 5178 tior;
978 5114 1043 5180 quod
1059 5113 1243 5168 commentarios
1256 5113 1357 5178 Epicteti
1369 5111 1429 5178 legi,
1442 5125 1546 5177 quornm
1561 5113 1622 5165 milri
1635 5113 1687 5176 ipse

88 5194 225 5283 τὸἒντσγεῖν
235 5201 290 5270 τοῖς
302 5197 495 5272 immeto,
504 5195 700 5276 ὑπομνήμασιν,
712 5187 749 5256 ὧν
760 5193 859 5255 οἴκοθεν
901 5202 995 5268 copiam
1003 5203 1067 5257 tecit

91 5289 210 5353 uelum.

224 5390 248 5426 α.
265 5393 409 5433 aenomaus·
1566 5385 1576 5428 l
