3814 5792
564 489 604 549 Μ.
632 489 855 550 ΔΝΤΟΝΙΝΙ
880 491 949 552 Ltu.
972 492 1033 566 vl,
1061 503 1212 556 41-46,
1598 579 1601 586 Ι
1655 515 1691 568 na

85 621 160 682 πάντα
170 617 240 680 eard
250 624 327 680 νοῦν.
371 615 456 700 Ἔχει
471 617 587 688 diadem:
600 617 694 702 καὶτῷ
708 621 787 680 παντί
800 619 869 682 κατὰ
890 646 895 672 ι
914 631 1038 683 habeaset
1047 633 1133 697 degas,
1145 635 1225 684 omnia
1239 633 1282 685 tibi
1291 648 1321 686 ex
1331 637 1403 686 animi
1416 638 1534 690 sententia
1545 639 1694 696 liaberereie

87 718 135 772 νοῦν
144 711 177 771 τδι
186 713 294 772 ἑαυτοῦ.
913 721 986 771 etiarn
995 722 1105 772 universo
1116 723 1198 772 omnia
1206 736 1236 773 ex
1246 724 1284 773 eui
1296 723 1368 774 animi
1378 727 1497 778 sententia
1505 741 1530 778 se
1540 729 1639 782 habent.

124 803 174 879 μ..
193 795 233 860 ιο
253 821 282 857 τι
296 797 332 858 ἂν
350 801 406 856 τῶν
421 796 600 880 ἄπροαιρέτων
614 795 766 876 θποστιίσῃς
779 799 869 878 σαυτῷ
891 805 894 893 ρ
945 813 983 858 ll.
1002 809 1094 874 siquid
1106 825 1202 873 eorum,
1218 824 1273 876 qum
1288 811 1380 865 arbitrii
1401 814 1435 864 tol
1453 829 1501 866 non
1521 819 1592 880 eunt,
1605 819 1696 872 bonum

94 885 216 969 &patitui
236 885 335 965 ααιιδν,
359 885 464 964 ἀνάγκη
487 883 556 946 κατδι
576 885 624 957 τὴν
645 883 808 966 περίπτωσιν
822 891 869 944 τοῦ
891 900 894 916 ’
914 895 1035 948 malumve
1047 911 1099 948 ease
1110 899 1134 948 ln
1143 899 1251 950 animum
1263 898 1399 964 induxerim
1412 915 1459 952 non
1471 906 1559 967 poterit
1574 919 1622 956 non
1631 884 1696 970 lieri,¹

96 976 196 1037 τοιούτω
206 981 307 1051 mod,
321 973 341 1047 il
355 973 406 1048 τὴν
420 972 556 1043 ἀπότευξιν
568 971 740 1034 τοῦτοιούτου
754 975 869 1062 cipetum,
890 924 895 1014 ί
912 985 985 1049 quin,
997 985 1164 1037 eiistiuamodl
1174 987 1213 1038 rei
1222 986 1245 1038 ln
1255 989 1345 1039 malum
1355 989 1466 1041 incideris
1477 991 1516 1042 rel
1528 993 1591 1044 bono
1600 995 1694 1046 excide·

97 1063 239 1148 μέμψασθαί
253 1087 284 1124 σε
298 1067 378 1130 θεοῖς·
393 1061 440 1121 rani
459 1059 608 1143 ἀνθρώπους
622 1061 650 1120 δέ
669 1065 797 1140 μισῆσαι,
811 1057 869 1128 τούς
912 1074 959 1135 ria,
970 1073 1000 1124 de
1007 1073 1053 1126 dlis
1060 1077 1182 1140 queraris,
1191 1077 1299 1129 homiues
1305 1083 1386 1130 autem
1392 1081 1485 1144 oder-ia,
1497 1087 1523 1132 ut
1532 1084 1574 1148 qui
1586 1089 1695 1136 auctores

95 1153 181 1222 αἰτίαις
190 1150 308 1226 όντας,ἢ
322 1148 549 1228 ὑποπτευομένους
563 1147 684 1222 ἐσεσθοιι,
696 1151 742 1220 τῆς
756 1147 868 1208 ἀποτεύ-
912 1162 963 1212 aint
973 1167 1015 1213 aut
1026 1177 1056 1215 ex
1072 1164 1209 1229 suspicione
1225 1170 1268 1216 tua
1280 1167 1354 1218 luturi
1364 1169 1412 1219 alut
1424 1175 1450 1219 ut
1461 1170 1536 1221 altero
1547 1172 1659 1236 excidua,
1671 1175 1695 1224 iu

96 1240 196 1315 ίεως,ἣ
214 1245 262 1314 τῆς
281 1235 486 1321 πῑρῑπῶσῑως·
499 1237 545 1298 καί
566 1233 752 1316 &lwttwini
765 1235 868 1309 πολλᾶ,
912 1250 1014 1302 alterum
1023 1251 1122 1302 lucidae
1154 1254 1361 1318 Etuthuemulta
1374 1257 1461 1321 injnate
1473 1259 1574 1310 ίαοίιιειιε
1590 1261 1694 1324 ideirco,

95 1331 134 1390 διδι
147 1329 192 1402 τὴν
204 1328 270 1411 πρὸς
280 1333 369 1388 ταῦτα
383 1325 519 1409 διαφοράν.
561 1324 627 1387 'ute
642 1323 670 1385 δέ
692 1323 760 1404 μόνα
779 1324 813 1384 ri
828 1325 867 1406 ἐφ’
912 1337 976 1400 φοοδ
987 1336 1080 1387 illarum
1088 1351 1169 1388 rernm
1178 1345 1259 1390 nnatra
1271 1339 1377 1392 intereat.
1410 1343 1481 1402 Quod
1492 1344 1514 1394 ai
1525 1358 1554 1394 ea
1567 1346 1695 1412 sola,uuae

95 1416 247 1498 ἡμῖνόμεθδ
263 1415 310 1475 καί
327 1413 400 1474 κακία
413 1411 553 1497 κρίνωμεν,
568 1411 677 1492 οὐδεμία
697 1412 768 1472 αίτία
781 1435 868 1472 κατα·
912 1423 1029 1474 innostra
1046 1428 1103 1475 aunt
1117 1429 1246 1490 potestate,
1263 1427 1325 1478 bona
1336 1429 1445 1494 malaque
1457 1443 1612 1496 censeamus,
1631 1433 1696 1484 uulln

94 1507 220 1579 λείπεται,
240 1503 302 1564 οὔτε
321 1505 373 1584 θεῷ
394 1499 549 1581 ἐγκαλίοαι,
571 1499 629 1561 οὔτε
647 1499 713 1582 πρδς
733 1499 868 1582 ἄνθρωπον
910 1509 959 1572 iam
970 1511 1271 1574 restnteansa,enrdeum
1285 1521 1481 1568 accusemuaaut
1493 1519 1696 1570 eontralromines

95 1599 181 1667 στῆναι
191 1591 282 1654 στάσιν
292 1589 431 1669 πολεμίου.
912 1599 1001 1650 inimici
1013 1605 1093 1664 partes
1101 1615 1220 1665 garumna

132 1682 184 1762 μά.
204 1679 306 1748 Πάντες
317 1681 352 1746 είς
366 1677 393 1736 ἐν
408 1675 576 1756 άπυτίλεσμα
590 1679 773 1758 συνεργοῦμεν,
786 1677 810 1734 οἱ
820 1674 867 1753 μὲν
944 1690 982 1736 la.
1000 1687 1211 1739 Omneaadunum
1222 1689 1373 1756 eundemque
1382 1693 1494 1744 ellectum
1510 1707 1607 1758 operam
1618 1696 1696 1746 eunie-

95 1771 191 1840 εἰδότως
210 1767 256 1829 καὶ
276 1767 557 1851 παρααολοοθητιιεῶς,
578 1769 602 1825 oi
627 1763 655 1824 δὲ
675 1761 868 1830 ἀνεπιστάτως·
911 1774 1001 1835 rimus,
1015 1773 1055 1825 alii
1073 1777 1175 1828 seientes
1186 1781 1211 1827 et
1226 1777 1400 1842 intelligentes,
1414 1779 1454 1830 alii
1470 1781 1535 1845 quod
1548 1781 1638 1832 iaciunt
1655 1796 1693 1834 no·

94 1859 176 1939 όσπιρ
189 1857 234 1918 arri
244 1854 304 1923 τὼς
318 1851 504 1927 καθεύδοντας,
515 1843 603 1932 οἶμαι,
616 1855 630 1911 θ
645 1851 815 1933 Ἡράκλειτος
826 1852 868 1933 ἐρ-
912 1861 1014 1913 acientee
1021 1879 1028 1926 ;
1039 1862 1244 1927 quemadmodum
1251 1865 1323 1917 etiam
1333 1867 1478 1919 dormientes
1489 1871 1637 1934 Heraclitus,
1645 1873 1694 1936 opi·

92 1947 169 2024 γάττς
178 1937 240 2005 εἶναι
254 1943 341 2024 λέγει,
355 1941 402 2001 aral
416 1939 551 2022 συνεργούς
563 1943 616 2000 τδνι
630 1942 707 2023 ἐντῷ
720 1939 813 2021 κόσμῳ
827 1962 870 2017 γε·
911 1964 964 2014 nor,
977 1953 1097 2015 operarios
1109 1967 1163 2004 esse
1174 1953 1236 2005 dixit
1249 1959 1274 2006 et
1283 1955 1388 2007 munterte
1398 1955 1428 2006 ed
1445 1971 1473 2007 ee
1480 1994 1487 2020 ,
1498 1971 1553 2022 quae
1565 1959 1588 2008 in
1605 1959 1695 2010 mundo

92 2033 210 2114 νομένων.
248 2029 666 2112 Ἀλλοςδὲεεατ’άλλοσυνεργεῖ·
679 2031 709 2087 ἐκ
719 2026 869 2110 περιουσίας
912 2039 978 2090 liant.
1009 2041 1145 2093 diluerem
1154 2042 1394 2108 aliemodoopernnr
1407 2047 1551 2108 cordertpm
1565 2047 1694 2098 abundanti

92 2123 169 2183 δὲκαὶ
179 2126 194 2182 θ
204 2120 382 2205 μεμφόμενος,
391 2118 436 2180 καὶ
445 2122 461 2178 θ
469 2117 626 2177 ἀντιόαίνειν
636 2115 812 2198 πειρώμενος,
822 2113 868 2174 καί
911 2139 969 2178 reno
981 2127 1053 2178 etiarn
1061 2128 1082 2178 la
1089 2129 1146 2192 ,qul
1155 2129 1288 2192 queritatur
1301 2135 1326 2180 et
1337 2131 1380 2194 lie,
1390 2145 1446 2196 quae
1458 2131 1532 2194 irunt,
1543 2133 1613 2183 reniti
1623 2147 1691 2184 cona·

95 2211 248 2294 άναιρεῖντίε
261 2210 398 2290 γινόμενα.
443 2206 498 2268 Καὶ
511 2203 562 2288 γάρ
573 2211 618 2266 τοῦ
632 2204 748 2266 τοιούτου
761 2203 869 2288 ἔχρῃζεν
912 2213 1204 2278 tmeaquetoltero3nam
1213 2215 1693 2284 taliquoquelromiuomnnduopuserat.

93 2301 224 2380 ὁκόσμος.
267 2297 368 2360 Λοιπὸν
383 2288 428 2356 ούν
443 2297 581 2368 σύνες,είς
593 2293 665 2364 τίνας
679 2295 768 2354 ἑαυτὸν
782 2315 868 2352 κατα·
912 2303 1063 2368 Ιςὶευιφιιοθ
1076 2305 1194 2370 reliquum
1208 2312 1245 2358 est
1262 2307 1392 2371 tueoglta,
1409 2323 1512 2372 quorum
1529 2310 1695 2360 innumerum

89 2387 205 2456 τάσσεις·
214 2389 311 2455 ἐκεῖνος
322 2386 370 2465 μὲν
381 2384 434 2467 γάρ
447 2383 551 2452 πάντως
562 2405 604 2442 σοι
617 2383 704 2450 καλῶς
717 2381 869 2464 χρήσεταιὸ
911 2393 937 2441 te
948 2392 1036 2442 reterns
1048 2408 1054 2442 :
1067 2392 1177 2445 llleeninr
1186 2430 1193 2455 ,
1203 2395 1244 2458 qul
1252 2409 1331 2446 rerum
1343 2397 1524 2448 uniuersitatem
1534 2398 1695 2460 administrat,

89 2477 121 2536 τό
134 2475 184 2536 ὅλα
205 2477 320 2548 διουιῶν,
334 2473 381 2532 aut
399 2470 575 2554 παραδεῖεταί
588 2493 618 2530 σε
638 2474 673 2538 είς
687 2469 763 2554 μέρος
775 2493 803 2529 τι
815 2472 868 2528 τῶν
912 2481 1009 2530 omuino
1019 2480 1079 2532 bene
1088 2485 1112 2533 te
1122 2483 1202 2533 utetur
1214 2487 1286 2549 atque
1299 2489 1322 2536 te
1336 2485 1360 2534 ln
1375 2489 1468 2550 partem
1479 2487 1644 2551 operariorum
1655 2501 1695 2538 eo

90 2569 218 2647 συνεργῶν
240 2563 288 2623 καλ
308 2565 509 2644 συνεργητειιῶν.
550 2557 631 2622 ltili
652 2557 684 2618 eir
708 2557 746 2636 μὴ
768 2561 869 2618 τοιοῦτο
912 2571 1413 2638 rumque,quoeopuaadjuvant‚reeiplet
1426 2589 1432 2624 :
1447 2579 1694 2638 tuautemeare,ue

89 2653 163 2734 μέρος
177 2653 254 2735 γίνῃ,
273 2643 326 2720 οἷος
345 2656 361 2712 θ
378 2649 484 2723 εὐτελιλς
499 2648 543 2710 καὶ
565 2649 664 2728 γελοῖος
678 2647 768 2728 στίχος
791 2647 868 2728 ἐντῷ
913 2657 967 2708 talis
978 2671 1032 2722 pars
1042 2659 1211 2724 tueria,qualle
1229 2661 1254 2712 in
1265 2661 1346 2713 tabula
1356 2663 1411 2714 vilia
1425 2678 1452 2714 ae
1467 2663 1583 2716 ridiculus
1594 2679 1695 2728 versus,

88 2743 215 2824 δράματι,
230 2733 261 2802 ού
275 2740 433 2823 Χρύσιππος
447 2736 589 2818 με’μνηται.
912 2744 982 2809 euius
992 2747 1101 2798 meminit
1112 2747 1269 2812 cluystppua.

128 2831 184 2910 μμ.
206 2829 281 2902 Μήτι
292 2833 307 2888 θ
317 2827 392 2902 ἥλιος
400 2826 436 2887 τά
445 2832 490 2886 τοῦ
502 2829 576 2884 ὑετοῦ
588 2822 655 2894 ἀξιοῖ
668 2825 765 2898 ποιεῖνς
779 2820 870 2902 μήτιθ
944 2837 983 2887 la.
998 2835 1119 2900 Numquid
1127 2837 1163 2888 aot
1171 2838 1322 2902 quaepluuire
1334 2843 1391 2890 aunt
1399 2840 1476 2891 lucere
1485 2841 1568 2905 eupit?
1579 2843 1696 2907 numquid

89 2917 243 2992 Ἀσκληπιὸς
251 2915 287 2977 τό
299 2920 346 2990 τῆς
357 2914 544 2998 Καρποφόρους
555 2913 581 2973 τί
592 2913 620 2973 δὲ
630 2916 683 2972 τῶν
694 2911 797 2994 ἄστρων
806 2907 870 2972 ἐκα-
913 2924 1064 2988 AEaeulapiua
1075 2939 1131 2989 qnae
1145 2925 1274 2990 Frugileroe
1285 2931 1358 2978 auutl
1373 2929 1437 2986 Quid
1454 2929 1560 2980 siderum
1577 2931 1696 2995 quodvis?

88 3030 156 3081 στου,
168 3006 229 3088 eir-gi
243 3004 287 3065 διά
339 3027 356 3062 α
371 3001 430 3082 μὲν,
444 3001 556 3085 συνεργὰ
565 2999 593 3062 δέ
604 3001 668 3086 πρὸς
681 2999 789 3074 ταύτόνς
913 3025 1159 3077 nonne,quamquam
1169 3012 1279 3077 diuersa,
1291 3015 1354 3065 idem
1365 3028 1427 3078 opus
1436 3015 1567 3078 adiuvant?

125 3097 179 3175 μδ.
199 3093 293 3175 Elpia
304 3091 546 3154 ουνέόουλεύσαντο
553 3090 614 3174 περί
625 3093 689 3170 ἐμοῦ
699 3089 802 3150 κελτῶν
811 3087 870 3168 ἐμοί
944 3104 983 3152 ii.
1001 3101 1027 3152 si
1034 3100 1132 3164 quidem
1141 3101 1175 3151 dii
1185 3101 1215 3152 de
1225 3115 1265 3152 me
1275 3103 1352 3167 lisque
1360 3117 1415 3168 quae
1423 3104 1481 3154 milri
1490 3105 1586 3155 evenire
1594 3111 1696 3170 oportet,

87 3185 220 3264 συμόῆναι
245 3181 401 3267 ὀφειλόντων
421 3184 445 3240 αί
468 3180 535 3255 θεολ,
556 3183 643 3248 καλῶς
665 3176 868 3240 ἐόοολεύσαντο·
913 3188 1170 3251 consuluerunt,heue
1179 3189 1463 3253 eonsnlnemnt;etenlm
1471 3193 1697 3260 mnaililexpertem

87 3272 196 3332 όόουλον
211 3271 264 3353 γὰρ
275 3269 334 3331 θεδν
345 3269 405 3330 οὐδὲ
421 3271 559 3342 ἐπινοῆσαι
576 3267 679 3352 ῥᾴδιον·
691 3271 869 3338 κακοποιῆσαι
913 3291 968 3328 eaae
978 3277 1093 3330 deumne
1104 3277 1135 3330 ad
1152 3278 1304 3342 cogitandum
1320 3280 1417 3344 quidem
1429 3280 1499 3332 leeile
1510 3287 1561 3345 eat;
1575 3287 1603 3334 ut
1617 3289 1697 3335 autem

86 3361 160 3440 δέμε
175 3357 387 3421 triumuiro
399 3357 508 3436 ἔμελλον
522 3361 621 3440 θρμᾷνς
635 3356 661 3416 τί
672 3355 723 3438 γίιρ
738 3356 824 3422 αὐτοῖς
851 3351 869 3428 ἢ
914 3367 974 3417 mihi
985 3367 1148 3418 malefaciendi
1163 3367 1289 3418 eonsilium
1305 3373 1431 3432 caperent,
1445 3384 1557 3435 quonam
1568 3385 1610 3422 eos
1625 3387 1698 3424 eausa

83 3453 121 3532 τῷ
132 3453 227 3532 κοινῷ,
241 3440 273 3510 οὗ
288 3447 409 3527 μάλιστα
417 3451 586 3527 προνοοῦνται
591 3490 600 3519 ,
613 3448 643 3505 ἐκ
652 3443 744 3504 τούτου
752 3442 870 3526 περιεγέ-
914 3455 1065 3521 impulisset?
1074 3456 1138 3516 Quid
1153 3457 1217 3508 enlm
1227 3456 1286 3521 ipeia
1295 3464 1338 3508 eut
1348 3460 1529 3522 communitati,
1540 3461 1610 3524 euius
1624 3463 1698 3514 maxi·

84 3562 157 3614 νοτυς
177 3541 214 3600 Εἰ
239 3535 320 3616 δλμὴ
345 3533 535 3595 ἐδουλώσαντο
551 3533 609 3594 κατ’
631 3532 700 3593 ἰδίαν
716 3531 777 3614 περὶ
791 3534 869 3610 ἐμοῦ,
914 3557 978 3594 mam
993 3559 1076 3595 curam
1090 3550 1190 3608 gerunt,
1202 3545 1258 3596 inde
1273 3547 1414 3599 decederet?
1424 3547 1467 3600 Sin
1487 3547 1518 3600 de
1529 3563 1569 3600 me
1585 3551 1698 3615 priuatim

83 3626 248 3710 περίγετῶν
260 3627 354 3686 κοινῶν
362 3623 467 3691 πάντως
478 3611 726 3696 emendamini<
735 3621 793 3680 κατ’
805 3623 871 3680 ἐπα·
914 3633 988 3696 nihil,
1006 3632 1037 3684 de
1057 3633 1130 3685 rebua
1142 3634 1247 3686 universi
1267 3639 1333 3687 oerte
1353 3637 1542 3700 eonauinerunt,
1560 3651 1590 3688 ex
1610 3639 1699 3703 quibua

84 3716 239 3790 αολαόθησιν
264 3713 311 3774 καλ
335 3718 420 3772 ταῦτα
441 3711 620 3791 συμόαίνυντα
642 3710 805 3780 ἐπάξεσθαι
824 3710 871 3770 καί
914 3735 1025 3786 qnnmea
1035 3736 1140 3787 quoque,
1148 3737 1203 3788 quoe
1211 3723 1269 3774 milri
1279 3725 1400 3786 eveniunt,
1409 3727 1544 3777 necessario
1553 3739 1698 3790 consequau-

85 3802 317 3888 στίργεινόφείλω.
358 3803 392 3864 Ei
401 3801 424 3860 δ’
436 3799 488 3884 ἄρα
499 3799 560 3882 περί
571 3799 680 3879 μηδενὸς
689 3798 870 3880 βουλεύονται,
916 3811 1436 3877 tur‚amplectilueedebeoatqnediligere.
1470 3814 1512 3864 Sin
1523 3827 1581 3866 reru
1594 3813 1624 3865 de
1635 3815 1699 3864 nullu

85 3890 218 3953 πιστεύειν
237 3889 287 3970 μέν
299 3891 350 3970 οὐχ
370 3887 450 3962 όσιον,
463 3885 480 3960 ἢ
495 3885 563 3967 μηδέ
578 3885 688 3966 θύωμεν,
702 3884 770 3965 μηδὲ
783 3883 870 3966 εὖχύι-
914 3900 1224 3962 prureuareoenauluerunt
1237 3927 1268 3937 -
1277 3901 1374 3952 eredere
1384 3902 1465 3952 tamen
1483 3913 1532 3950 non
1550 3901 1586 3952 iae
1600 3903 1646 3962 eal,
1657 3907 1698 3955 aut

87 3987 167 4060 μεθα,
179 3978 250 4061 μηδλ
263 3978 412 4058 ὀμνύωμεν,
422 3974 489 4056 μηδί
499 3974 534 4036 et
545 3975 613 4036 ἄλλα
624 3974 794 4058 πράσσωμεν,
804 3974 871 4058 άπερ
915 4000 993 4052 neque
1006 4001 1074 4038 saera
1085 3986 1201 4039 iaciamus
1216 4001 1294 4053 neque
1306 4003 1389 4054 preces
1406 3988 1549 4050 tundamur,
1561 4003 1640 4054 neque
1657 4004 1700 4054 per

86 4069 185 4132 ἕκαστα
202 4071 239 4137 ὡς
253 4067 319 4149 πρὸς
337 4063 525 4149 παρόνταςιιαλ
542 4063 716 4144 συμόιοῦντας
729 4062 787 4131 τοὺς
801 4062 872 4152 θεοὺς
916 4077 1071 4139 eosJuremua
1079 4090 1157 4141 neque
1167 4077 1214 4128 alla
1226 4077 1353 4139 iaciamus,
1366 4091 1422 4141 qnae
1433 4077 1532 4142 quidem
1542 4077 1636 4141 ringula
1646 4079 1699 4128 teci·

87 4159 255 4242 πράσσομεν.
299 4158 334 4218 Et
353 4153 520 4236 δέόραπερλ
538 4151 647 4232 μηδενὸς
664 4155 715 4211 τῶν
730 4152 788 4212 καθ’
801 4155 873 4232 ἡμᾶς
917 4169 1092 4230 muatanquam
1102 4164 1700 4231 diaaoblapraeaenunusetnantseumviventibus

89 4247 274 4328 βουλεύονται,
283 4241 397 4324 ἐμολμδν
407 4241 490 4312 ἐξεστι
498 4241 560 4324 περί
569 4243 683 4321 ἐμαυτοῦ
695 4239 871 4322 βουλεύεσθαι·
916 4281 948 4291 -
963 4253 1000 4304 εἰει
1009 4267 1080 4317 vero,
1091 4255 1203 4320 inquam,
1215 4253 1245 4304 da
1257 4254 1321 4304 nulla
1331 4268 1438 4306 mearum
1450 4269 1531 4306 rernm
1542 4257 1698 4317 eorreuluere,

87 4337 145 4418 ἐμοὶ
158 4337 187 4398 δέ
202 4337 261 4396 ἐστὶ
273 4334 362 4417 στύψις
371 4332 431 4416 περὶ
450 4337 494 4393 τοῦ
507 4329 693 4415 συμφέροντος.
737 4329 872 4414 Συμφίρει
916 4331 976 4394 milri
986 4343 1085 4408 quidem
1094 4343 1149 4394 lieet
1160 4343 1191 4394 de
1200 4357 1238 4394 me
1248 4344 1300 4408 lpao
1307 4344 1434 4396 eonsilium
1445 4357 1538 4409 capere.
1556 4348 1609 4395 llea
1620 4349 1700 4395 autem

88 4427 114 4487 δὲ
126 4427 232 4506 ἐειόστερ
256 4423 288 4484 τό
298 4421 367 4483 ιιατδι
380 4421 428 4495 τὴν
441 4424 534 4482 ἑαυτοῦ
545 4417 711 4492 κατασκευὴν
722 4417 769 4478 καλ
782 4417 871 4501 φύσιν·
916 4431 1054 4484 deliberatio
1065 4431 1096 4483 ad
1110 4431 1135 4482 id
1147 4431 1212 4496 quod
1223 4432 1281 4484 utile
1289 4437 1340 4495 eet,
1350 4437 1443 4497 epeetet
1459 4448 1465 4482 :
1479 4433 1538 4485 utile
1551 4446 1609 4484 vero
1623 4433 1701 4484 euirls

89 4515 143 4588 ἡδλ
154 4515 208 4596 ἐμὴ
218 4505 294 4599 φύσις
305 4510 397 4592 λογοεὴ
411 4509 457 4571 καλ
468 4508 606 4583 πολιτική·
618 4510 693 4576 πόλις
706 4507 752 4568 καί
765 4506 872 4590 πατρίς,
915 4523 966 4582 eat,
979 4521 1043 4584 quod
1059 4521 1226 4571 constitutioni
1237 4521 1312 4578 iratus
1325 4535 1353 4571 ao
1364 4523 1456 4572 naturae
1472 4522 1586 4572 convenit
1599 4536 1605 4570 :
1616 4523 1701 4572 natura

89 4610 122 4674 ὣς
136 4607 185 4684 μὲν
207 4594 353 4684 Ἀντωνίνιρ
373 4623 419 4681 μοι
440 4597 582 4677 ἡῬόιμη,
601 4601 636 4665 ὡς
649 4594 678 4656 δέ
700 4594 873 4678 ἀνθρώπῳ,θ
916 4613 997 4660 autern
1015 4623 1069 4660 mea
1084 4609 1206 4660 rationalis
1220 4610 1258 4660 eet
1275 4613 1300 4660 et
1316 4615 1438 4660 meletatra
1452 4623 1535 4660 amens
1554 4624 1560 4660 ε
1576 4609 1661 4659 civitas
1677 4614 1701 4658 et

89 4693 191 4774 κόσμος.
233 4690 278 4754 Tit
296 4695 353 4759 ταῖς
368 4689 474 4750 πόλεσιν
486 4679 530 4749 οδν
538 4685 646 4754 ταύταις
654 4687 775 4766 διφίλιμσ
805 4687 873 4764 μόνα
917 4697 1072 4762 petriamilri,
1086 4697 1396 4761 utlrrtoninn,lioma,ut
1410 4699 1516 4754 homini.
1532 4698 1709 4753 munduselrla

92 4783 143 4844 ini
151 4805 198 4864 μοι
208 4780 306 4863 ἀγαθά,
748 4829 751 4836 ,
893 4775 897 4814 ¹
917 4785 989 4847 igitur·
998 4783 1137 4834 ciuitatibus
1147 4799 1202 4849 qum
1215 4785 1282 4836 utilia
1294 4786 1364 4848 sunt,
1374 4797 1403 4835 ea
1411 4785 1470 4834 milli
1483 4782 1534 4834 sola
1546 4789 1603 4834 eunt
1614 4783 1686 4833 bone.

126 4871 176 4952 με’.
196 4871 273 4932 'Oea
284 4867 391 4950 ἐαάστιρ
402 4867 557 4946 συμόαίνει,
568 4871 653 4926 ταῦτα
665 4868 702 4947 τῷ
712 4863 765 4942 ὅλῳ
774 4863 873 4944 cuppi-
948 4875 988 4923 45.
1006 4875 1161 4938 Quocunque
1173 4875 1274 4937 singulte
1286 4875 1414 4935 eveniunt,
1423 4886 1452 4924 ea
1462 4877 1574 4923 universo
1585 4878 1700 4936 prosunt:

94 4983 138 5042 ρει·
160 4959 236 5044 ἤρκει
259 4964 348 5019 τοῦτο.
391 4955 461 5015 Ἀλλ’
483 4955 521 5015 ἐτι
543 4955 626 5015 ἐκεῖνο
647 4957 681 5022 όις
699 4951 796 5014 ἐπίπαν
815 4951 874 5034 ὄψει
917 4960 1105 5012 hoeaulleeerit.
1139 4965 1230 5014 Verum
1246 4967 1362 5026 praeterea
1381 4961 1453 5025 illud,
1469 4961 1546 5025 quud,
1561 4959 1581 5010 si
1595 4961 1702 5010 animum

94 5048 292 5133 apopulatione,
310 5045 362 5106 όσα
380 5043 524 5126 ἀνθρώπῳ,
543 5043 589 5104 καί
609 5041 704 5123 ίτίροις
720 5039 873 5122 ἀνθρώπως.
919 5050 1063 5114 adverteris,
1073 5051 1280 5115 ubiqueridobia,
1296 5064 1448 5116 quacunque
1463 5049 1554 5101 lrominl
1567 5049 1639 5100 etlam
1650 5049 1702 5099 eliis

94 5139 236 5224 Ιίοινότερσν
252 5135 281 5199 δέ
296 5141 342 5197 νῦν
357 5134 388 5195 τὸ
402 5131 533 5216 συμφέρον
545 5131 652 5192 ἐπὶτῶν
665 5129 752 5210 μίσων
765 5127 874 5208 λαμόα·
919 5138 1194 5204 Ιιοωίιιίθιιιερεοάεεεε.
1228 5140 1402 5191 Vocabulum«
1423 5139 1491 5190 utilia
1505 5157 1517 5183 ι
1532 5151 1597 5189 nune
1611 5137 1705 5198 uulgari

91 5229 170 5294 ,tm
919 5240 992 5279 sensu
1004 5228 1035 5279 de
1043 5228 1115 5278 rebus
1125 5227 1211 5278 mediis
1221 5228 1333 5290 emipiae.

120 5322 171 5406 pq'.
193 5317 307 5399 Ὥσπερ
322 5307 505 5398 προσίσταταί
521 5333 561 5370 σοι
573 5307 607 5370 τά
617 5311 644 5370 ἐν
654 5311 693 5392 τῷ
703 5305 873 5391 ἀμφιθεάτρῳ
951 5320 990 5368 lo.
1008 5313 1217 5376 Quemadmodum
1225 5313 1449 5374 tetredioallrciunt,
1459 5325 1513 5374 quor
1523 5311 1548 5360 in
1555 5309 1699 5373 amphithea-

179 5439 207 5478 η,
224 5431 380 5475 inponantu-
1571 5409 1584 5449 ³
