3802 5776
886 489 1062 554 EPIGTETI

314 636 472 697 Lxxxlll.
498 636 825 704 (substernimus.)
1314 615 1474 676 Lxxxlil.

214 749 320 840 Ὥσπερ
329 805 337 834 ,
360 761 383 818 εί
400 755 507 822 λέοντας
529 753 640 814 ἐδούλου
655 749 767 832 τρέφειν,
792 749 840 808 οὐκ
860 745 893 805 ἀν
918 768 959 804 σοι
1033 747 1243 810 Quemadmodum
1252 747 1335 797 leonas
1343 744 1490 807 nutrituras,
1498 756 1548 794 nou
1559 743 1590 794 de
1598 755 1735 794 osvearum
1744 755 1793 793 ma·

173 854 220 924 τῆς
231 847 399 914 πολυτελείας
410 850 461 905 τῶν
476 842 605 925 ζοιγρείιον
621 840 723 920 ἔμελεν,
740 836 810 898 ἀλλὰ
823 841 870 909 τῆς
886 833 960 918 πρά·
1004 839 1140 904 gnifiuentia
1157 849 1240 888 cunm
1259 835 1408 898 susciperes,
1425 834 1468 885 aad
1483 833 1514 884 da
1525 832 1618 884 ustione
1633 831 1787 884 animallumt

173 937 235 1008 ξιως
248 941 299 996 τῶν
313 935 395 1019 ζῴων·
408 934 505 1007 οὕτως,
518 937 541 993 εί
555 933 668 992 πολιτῶν
682 937 761 1011 πειρᾷ
771 924 959 1008 προίστασθαι,
1003 929 1052 991 ila,
1062 927 1189 979 sidvinua
1197 937 1303 990 proeesse
1313 923 1421 986 moesta,
1431 937 1462 974 ne
1472 925 1524 974 lam
1534 921 1695 974 mdiliaimum
1704 918 1796 984 magni·

174 1025 212 1107 μὴ
227 1033 348 1087 τοσοῦτον
362 1029 409 1097 τῆς
422 1020 592 1089 πολυτελείας
605 1023 658 1080 τῶν
670 1015 867 1096 ἀναστημάτοιν
881 1011 960 1096 φράν-
1003 1018 1124 1070 licentium
1131 1029 1210 1078 eures,
1225 1027 1298 1079 qoam
1309 1011 1494 1064 inhabitantium
1503 1011 1677 1064 Ioudtudlnem.

173 1121 241 1190 τιζε,
258 1114 355 1176 ὁπόσον
369 1119 416 1187 τῆς
428 1112 548 1195 ἀνδρείας
565 1114 617 1169 τῶν
636 1104 849 1188 ίνδιατριὸάντων
864 1105 961 1181 ἐπιμε-

174 1205 230 1266 loo.

427 1337 585 1398 LXXXIV.
608 1338 655 1404 (ib.
668 1336 718 1400 84.)
1316 1313 1476 1374 LXXXIV.
1510 1355 1512 1358 .

217 1467 347 1548 Καθάπερ
364 1465 461 1548 ἀγαθὸς
484 1461 661 1540 πωλοδοίμνης
682 1461 711 1518 οὖ
728 1461 780 1517 τῶν
794 1453 890 1515 πώλων
904 1449 964 1517 τοὺς
1036 1454 1247 1515 Quemadmodum
1269 1455 1347 1505 bouus
1371 1467 1490 1519 equorum
1510 1453 1617 1504 domitor
1643 1467 1694 1504 non
1717 1453 1802 1503 bouus

180 1555 226 1637 μὲν
248 1555 359 1636 ἀγαθοὺς
377 1553 478 1637 τρέφει,
493 1551 552 1619 τοὺς
566 1551 594 1609 δὲ
610 1547 746 1620 δυσηνίους
762 1540 903 1622 λιμώττειν
918 1542 964 1618 ἐᾷ,
1007 1543 1105 1608 quidem
1115 1543 1195 1608 pullus
1206 1543 1262 1606 alit,
1273 1543 1377 1594 εθιοιιεε
1393 1556 1451 1594 vero
1467 1542 1559 1593 esurire
1570 1542 1642 1604 sinit;
1659 1541 1803 1592 sadamboa

179 1642 249 1703 ἀλλὰ
264 1642 352 1725 τρέφει
368 1643 415 1722 μὲν
429 1641 521 1713 ἐπίσης
535 1639 628 1719 ἄμφω,
642 1635 747 1705 κολάζει
762 1631 790 1692 δὲ
805 1633 905 1710 μᾶλλον
917 1626 964 1686 θά·
1007 1645 1114 1696 exaequo
1125 1633 1216 1693 nulrit,
1228 1632 1419 1694 magtsalterum
1427 1632 1543 1694 castigat,
1556 1637 1580 1682 el
1590 1631 1684 1681 meliori
1693 1631 1804 1680 similem

179 1743 264 1813 τερον,
292 1731 391 1800 ἐξισοῦν
409 1728 511 1810 θάτέρῳ
536 1725 690 1807 βιαζόμενος
713 1721 801 1804 μέρει·
828 1717 896 1778 ulium
917 1713 963 1774 καί
1010 1719 1283 1784 tieiimgit:siuetiam
1298 1721 1336 1770 νίν
1351 1720 1468 1784 providus
1485 1717 1731 1770 etoiuilialacultutis
1740 1717 1805 1782 pori·

179 1819 350 1899 κηδεμονικὸς
362 1817 428 1901 ἀνὴρ
442 1817 488 1877 καλ
500 1819 635 1888 πολιτικῆς
647 1811 800 1890 ἐπιστήμων
819 1807 966 1885 δυνάμεως,
1010 1813 1066 1873 2¹1⁵,
1085 1810 1151 1860 cives
1170 1809 1259 1874 probos
1281 1809 1404 1860 beneficiis
1420 1807 1553 1871 demereri,
1579 1808 1656 1858 malua
1674 1820 1734 1858 vero
1752 1819 1805 1857 nou

179 1913 232 1969 τῶν
246 1909 360 1968 πολιτῶν
371 1905 431 1975 τοὺς
448 1903 495 1984 μὲν
508 1903 673 1986 εὐγνώμονας
684 1892 713 1960 εὖ
730 1898 815 1959 ποιεῖν
827 1893 967 1975 ἐπιχειρεῖ,
1009 1898 1125 1948 ooullnuo
1134 1897 1234 1962 perdere
1243 1901 1342 1948 sonatur
1353 1911 1359 1946 ι
1371 1896 1414 1948 aad
1427 1897 1569 1948 alimentum
1580 1895 1679 1961 quidem
1690 1896 1806 1960 utrisque

180 1996 240 2066 τοὺς
254 1997 280 2057 δὲ
295 1997 410 2076 ἔμπαλιν
427 1998 455 2054 οὗ
470 1991 593 2062 καθάπαξ
606 1989 807 2074 διαφθείρεσθαι·
822 1985 892 2044 ἀλλὰ
907 2005 968 2064 τρο-
1010 1985 1109 2038 minime
1120 1986 1227 2049 insidet;
1237 1986 1344 2037 iustituit
1355 1989 1437 2038 autam
1448 1989 1547 2050 aturpel
1558 1984 1806 2038 vehementiusillum

181 2091 231 2168 φῆς
246 2085 293 2162 μὲν
309 2088 406 2166 ἀμφοῖν
421 2083 517 2156 ἥκιστα
536 2081 638 2163 φθονεῖ,
660 2073 780 2137 παιδεύει
794 2071 822 2132 δὲ
839 2069 885 2132 καί
903 2093 968 2150 σφο-
1011 2075 1150 2141 qtairationi
1161 2077 1187 2126 et
1194 2074 1240 2138 legi
1247 2074 1378 2126 obstiterit.

181 2173 302 2257 δράτερυν
315 2171 469 2254 ἐπισπέρχει
483 2170 527 2230 τὸν
540 2169 724 2229 ἀντιὸαίνοντα
738 2161 858 2246 τῷλόγῳ
871 2159 917 2220 atui
930 2161 969 2240 τῷ

182 2261 264 2344 νόμῳ.
1515 2343 1518 2350 Ι

438 2381 583 2442 LXXXV.
605 2387 654 2451 (10.
667 2385 717 2447 85.)
919 2387 923 2394 '
1332 2354 1479 2416 LXXXV.

226 2491 355 2573 Καθάπερ
369 2492 427 2553 οὔτε
440 2493 543 2572 κλαγγῇ
560 2488 621 2570 χὴν,
635 2488 694 2548 οὔτε
708 2488 797 2570 βληχῇ
811 2478 970 2552 καταπλήσ-
1046 2495 1079 2542 Ut
1088 2505 1132 2542 nae
1142 2504 1212 2542 anser
1219 2492 1338 2556 clangore,
1347 2491 1453 2544 neumis
1461 2491 1544 2542 halatu
1551 2495 1655 2542 terretur
1667 2491 1718 2542 :ila
1727 2505 1811 2556 neque

186 2603 262 2640 σεται
275 2580 419 2663 πρόάατον,
434 2579 502 2641 οὕτω
515 2577 582 2660 μηδὲ
595 2577 710 2650 πλήθους
722 2576 833 2649 ἀνοήτου
844 2597 873 2633 σε
888 2570 970 2630 δεδιτ-
992 2611 998 2719 φ
1016 2579 1143 2634 teutonus
1153 2595 1201 2632 vox
1211 2580 1374 2632 multitudinis
1384 2580 1529 2632 tenslaoiat.

185 2667 270 2729 τέσθω
284 2669 367 2752 φωνή.

427 2801 584 2862 mxxvi
607 2808 660 2874 (ιι.
678 2805 734 2880 ιο.)
1330 2805 1491 2866 ικκιινι.

228 2919 337 3005 Ὠσπερ
351 2925 450 2996 πλῆθος
466 2921 578 3004 ἀκρίτοις
590 2925 679 2982 αίτοῦν
692 2921 720 2981 τί
740 2945 769 2981 σε
789 2921 842 2979 τῶν
854 2917 926 2978 llos
944 2918 974 2975 οὖ
1051 2928 1264 2988 Quemadmodum
1282 2929 1414 2980 mullitudo
1430 2935 1522 2980 umere
1537 2929 1628 2993 aliquid
1644 2943 1659 2980 a
1679 2934 1704 2981 te
1725 2945 1813 2981 uerum

190 3011 674 3093 suffossumquespossus<
688 3034 717 3070 σε
732 3012 903 3070 emmaum
917 3007 975 3068 au-
1018 2992 1816 3119 ffffipavgfflgogfigffi⁰ggffipfflffigffifflffipgffig

189 3105 301 3183 τροπῇς.
1019 3113 1300 3179 upoaldeotitepalers.

422 3228 597 3289 LXXXVII.
620 3234 671 3306 (ll.
688 3232 743 3296 al.)
1325 3239 1501 3301 LXXXVII.

231 3335 319 3422 Ὅπερ
336 3338 475 3399 ἐπιάάλλιι
493 3344 526 3421 τῇ
544 3339 633 3412 πόλει,
645 3344 723 3399 τοῦτο
739 3337 843 3420 εἴσφερε
861 3334 978 3418 φθίνων·
1053 3358 1341 3422 Quoduivilatidebstur,
1350 3361 1451 3422 haenel
1458 3362 1711 3426 antequamexigutur,
1719 3364 1818 3426 pende:

192 3425 238 3486 καλ
251 3425 374 3487 οὐδέποτε
394 3429 524 3509 αἷτηθήσῃ
536 3428 570 3488 τλι
584 3428 621 3507 μὴ
634 3427 818 3488 ἐπιὸάλλοντα.
1022 3451 1047 3498 et
1057 3460 1189 3512 numquam
1200 3461 1214 3498 a
1227 3453 1252 3499 te
1262 3449 1450 3513 postulabuntur
1460 3463 1516 3515 φησι
1526 3463 1577 3502 non
1588 3449 1672 3502 debes.

419 3555 605 3615 Lxxxvlu.
627 3563 680 3628 (ιο.
699 3563 751 3626 οι.)
1323 3557 1508 3620 Lilxilvlll.

193 3668 195 3676 ¹
233 3671 339 3755 Ὥσπερ
352 3675 367 3731 θ
378 3671 450 3744 ήλιος
461 3674 490 3732 οὗ
500 3671 634 3755 περιμένει
645 3671 719 3741 λιτάς
733 3671 780 3732 καί
792 3669 926 3750 γοητείας,
937 3667 981 3730 ίνα
1056 3677 1266 3737 Quemadmodum
1275 3680 1311 3730 sul
1319 3693 1367 3731 uon
1377 3683 1626 3745 axspeotutpreoesao
1637 3680 1822 3742 blandimenta,

195 3760 335 3843 ἀνατείλῃ,
350 3761 409 3822 ἀλλ’
420 3761 493 3830 εὐθὺς
503 3763 619 3841 λάμπει,
631 3760 677 3822 καὶ
688 3761 752 3844 πρὸς
762 3760 884 3820 ἁπάντων
898 3759 982 3820 ἀσπά-
1024 3770 1052 3817 ut
1062 3767 1163 3830 oriatur,
1175 3767 1218 3818 aed
1228 3767 1293 3818 iliioo
1304 3768 1430 3833 splendet,
1449 3774 1475 3819 et
1493 3769 1524 3820 ab
1541 3769 1655 3820 omnihus
1672 3769 1800 3820 salutatur
1814 3785 1822 3820 ι

195 3855 281 3921 ζετοιι·
297 3849 366 3910 οὕτω
382 3849 450 3929 μηδὲ
463 3848 495 3910 σὺ
509 3850 632 3932 περίμενε
648 3849 754 3932 κρότους
767 3849 813 3908 καὶ
827 3847 925 3932 ψόφους
938 3848 983 3908 καί
1025 3856 1151 3919 sidusque
1168 3861 1196 3906 tu
1207 3856 1309 3920 plausus
1321 3860 1435 3922 exspecta
1452 3862 1478 3908 et
1493 3859 1607 3922 strepitus
1625 3871 1654 3908 uu
1670 3857 1774 3922 laudes,
1794 3861 1824 3910 ut

196 3938 331 4011 ἐπαίνους,
344 3937 378 3997 ἵν’
394 3930 424 3997 ed
438 3937 566 4022 ποιήσῃς,
586 3939 644 3998 ἀλλ’
658 3937 766 4012 ἓκοντὴς
780 3937 922 4021 εὐεργέτει·
938 3935 983 3998 κοιλ
1025 3945 1088 3995 bene
1099 3945 1171 3996 θυσίαι
1176 3962 1186 4009 3
1198 3945 1241 3996 sad
1259 3949 1345 4010 sponte
1354 3951 1398 3996 tus
1416 3946 1499 3998 oonler
1515 3946 1650 3998 beneficia:
1669 3949 1695 3998 et
1705 3961 1783 4012 mque
1794 3962 1827 3999 ae

196 4025 243 4086 ἴσα
255 4032 294 4110 τῷ
303 4027 372 4110 ἡλίῳ
386 4027 526 4112 φιληθήσῃ.
1026 4031 1064 4082 sol
1074 4031 1201 4082 amaberis.

407 4156 564 4216 Lxxxix.
587 4163 639 4228 (ιι.
657 4165 713 4224 cx,
730 4151 772 4215 ιιι
1339 4140 1496 4203 Lxxxix.

238 4263 310 4326 Οὔτε
323 4269 387 4324 ναῦν
399 4261 630 4350 ἐξὲνὸςάγκυρίου,
645 4265 704 4326 οὔτε
720 4265 775 4348 βίον
787 4267 818 4325 ἐκ
832 4275 895 4344 μιᾶς
909 4265 986 4326 ἐλπί-
1059 4276 1143 4336 Neque
1152 4273 1221 4324 navis
1231 4287 1280 4325 una
1291 4277 1444 4340 adcumulet,
1453 4289 1531 4342 neque
1543 4275 1632 4327 vituex
1641 4287 1690 4326 una
1699 4288 1744 4340 sps
1756 4290 1819 4342 psu-

199 4354 241 4422 θος
254 4351 403 4436 δρμιστέον.
864 4441 870 4451 ¹
1029 4359 1085 4411 dare
1095 4358 1176 4412 dehet.

488 4477 548 4536 XC.
570 4485 622 4551 (1ο.
641 4483 696 4546 νο.)
1393 4480 1452 4541 XC.

202 4675 220 4736 ὅ
241 4585 299 4700 ’Καὶ
312 4595 365 4656 τοῖς
379 4587 483 4648 σκέλεσι
496 4589 606 4657 καὶτοῖς
619 4590 707 4656 ἐλπίσι
721 4589 755 4648 τὰ
767 4588 867 4650 δυνατά
880 4590 920 4650 δεῖ
931 4591 989 4649 δια·
1061 4601 1093 4648 Et
1102 4611 1173 4649 mura
1181 4603 1206 4650 et
1215 4611 1271 4664 spes
1277 4612 1325 4649 nou
1334 4599 1398 4650 ultra
1409 4599 1445 4663 id,
1453 4599 1520 4668 quod
1529 4599 1581 4651 fleri
1591 4601 1679 4664 potest,
1688 4601 1828 4655 extundere

221 4699 310 4738 αινειν.
1030 4687 1133 4749 oportet.

427 4803 516 4864 xcll.
538 4810 588 4872 (ιο.
605 4813 694 4874 cxxi,
711 4811 765 4875 οι.)
1380 4801 1468 4862 xcu.

243 4911 346 4993 Ψυχὴν
367 4913 490 4992 σώματος
514 4914 716 4998 ἀναγκαιότερον
743 4919 845 4976 ἰᾶσθαι·
865 4921 911 4975 τοῦ
938 4914 989 4997 γὰρ
1064 4929 1140 4993 lingis
1149 4930 1311 4981 necessarium
1321 4935 1358 4981 est
1368 4930 1554 4982 medarlanimoe
1563 4928 1749 4996 quamoorpom
1760 4931 1830 4984 morl

205 5007 251 5086 ζῇν
269 5007 357 5072 κακῶς
374 5005 405 5064 τὸ
421 5003 542 5063 τεθνάναι
556 5005 685 5088 κρεῖσσον.
1033 5016 1122 5080 quippe
1133 5020 1246 5079 prustal,
1258 5029 1332 5080 quam
1342 5017 1404 5068 ιιιοΙο
1414 5018 1505 5068 uivere.

474 5128 575 5190 xciv.
596 5134 721 5201 (nn.)
1376 5120 1479 5181 xciv.

246 5239 398 5320 Θαυμαστλ
412 5244 430 5314 ἡ
444 5239 534 5323 φάσις,
551 5241 611 5314 καλ,
624 5239 659 5308 d<
677 5264 755 5323 φησιν
769 5243 783 5299 ὁ
797 5239 930 5322 Ξενοφῶν,
949 5263 992 5322 φι-
1065 5249 1184 5300 Misabiiis
1194 5252 1232 5300 ast
1242 5253 1341 5310 natura,
1353 5250 1396 5313 et,
1410 5255 1438 5300 ut
1450 5248 1584 5312 Xenophon
1598 5247 1647 5310 ult,
1661 5242 1834 5299 animantium

205 5330 310 5402 λάζωος.
319 5327 992 5410 Τὸγοῦνσῶμα,τὸποίντωνἀηδέστατονκαὶρυπα-
1037 5335 1153 5389 studiosa.
1186 5340 1279 5402 cuspus
1292 5336 1364 5401 igitur
1377 5335 1458 5399 istud,
1471 5336 1580 5387 omnium
1593 5335 1833 5398 injucundissimum
