<?xml version="1.0" encoding="UTF-8"?>
<!DOCTYPE html PUBLIC "-//W3C//DTD XHTML 1.0 Transitional//EN"
    "http://www.w3.org/TR/xhtml1/DTD/xhtml1-transitional.dtd">
<html xmlns="http://www.w3.org/1999/xhtml" xml:lang="en" lang="en">
 <head>
  <title>
</title>
<meta http-equiv="Content-Type" content="text/html;charset=utf-8" />
  <meta name='ocr-system' content='tesseract 3.04.00' />
  <meta name='ocr-capabilities' content='ocr_page ocr_carea ocr_par ocr_line ocrx_word'/>
</head>
<body>
  <div class='ocr_page' id='page_1' title='image "./theophrastichar01maxigoog/theophrastichar01maxigoog_0010.png"; bbox 0 0 3814 5792; ppageno 0'>
   <div class='ocr_carea' id='block_1_1' title="bbox 1053 507 1518 536">
    <p class='ocr_par' dir='ltr' id='par_1_1' title="bbox 1053 507 1518 536">
     <span class='ocr_line' id='line_1_1' title="bbox 1144 507 1516 522; baseline 0.011 -5"><span class='ocrx_word' id='word_1_1' title='bbox 1144 507 1516 522; x_wconf 45' lang='lat' dir='ltr'>——ffin———q</span> 
     </span>
     <span class='ocr_line' id='line_1_2' title="bbox 1053 523 1518 536; baseline 0.009 -4"><span class='ocrx_word' id='word_1_2' title='bbox 1053 523 1518 536; x_wconf 69' lang='lat'><em>————--.-.-..</em></span> 
     </span>
    </p>
   </div>
   <div class='ocr_carea' id='block_1_2' title="bbox 546 765 1170 944">
    <p class='ocr_par' dir='ltr' id='par_1_2' title="bbox 546 765 1170 944">
     <span class='ocr_line' id='line_1_3' title="bbox 546 765 1170 944; baseline -0.006 -4"><span class='ocrx_word' id='word_1_3' title='bbox 546 765 1170 944; x_wconf 84' lang='lat' dir='ltr'><strong>PRAEFATIO.</strong></span> 
     </span>
    </p>
   </div>
   <div class='ocr_carea' id='block_1_3' title="bbox 187 1601 1616 2695">
    <p class='ocr_par' dir='ltr' id='par_1_3' title="bbox 187 1601 1616 2695">
     <span class='ocr_line' id='line_1_4' title="bbox 240 1601 1528 1706; baseline -0.001 -25"><span class='ocrx_word' id='word_1_4' title='bbox 240 1605 618 1706; x_wconf 76' lang='lat' dir='ltr'>comprehenduntur</span> <span class='ocrx_word' id='word_1_5' title='bbox 634 1605 670 1675; x_wconf 95' lang='lat' dir='ltr'>in</span> <span class='ocrx_word' id='word_1_6' title='bbox 687 1603 759 1674; x_wconf 94' lang='lat' dir='ltr'>hoc</span> <span class='ocrx_word' id='word_1_7' title='bbox 779 1601 965 1674; x_wconf 79' lang='lat' dir='ltr'>volumine</span> <span class='ocrx_word' id='word_1_8' title='bbox 984 1601 1176 1701; x_wconf 75' lang='lat' dir='ltr'><strong>scriptores</strong></span> <span class='ocrx_word' id='word_1_9' title='bbox 1195 1603 1333 1702; x_wconf 81' lang='lat' dir='ltr'>aliquot</span> <span class='ocrx_word' id='word_1_10' title='bbox 1352 1605 1397 1678; x_wconf 91' lang='lat' dir='ltr'>de</span> <span class='ocrx_word' id='word_1_11' title='bbox 1412 1605 1528 1704; x_wconf 89' lang='lat' dir='ltr'>philo·</span> 
     </span>
     <span class='ocr_line' id='line_1_5' title="bbox 187 1727 1528 1830; baseline -0.004 -26"><span class='ocrx_word' id='word_1_12' title='bbox 187 1731 323 1830; x_wconf 83' lang='lat' dir='ltr'>sophia</span> <span class='ocrx_word' id='word_1_13' title='bbox 347 1729 489 1802; x_wconf 89' lang='lat' dir='ltr'>morali.</span> <span class='ocrx_word' id='word_1_14' title='bbox 518 1727 661 1815; x_wconf 87' lang='lat' dir='ltr'>Quibus</span> <span class='ocrx_word' id='word_1_15' title='bbox 687 1731 936 1798; x_wconf 76' lang='lat' dir='ltr'>Tneornnasrr</span> <span class='ocrx_word' id='word_1_16' title='bbox 959 1728 1166 1798; x_wconf 82' lang='lat' dir='ltr'>Notutiones</span> <span class='ocrx_word' id='word_1_17' title='bbox 1192 1753 1326 1798; x_wconf 85' lang='lat' dir='ltr'>morum</span> <span class='ocrx_word' id='word_1_18' title='bbox 1357 1730 1528 1826; x_wconf 85' lang='lat' dir='ltr'>praemitti</span> 
     </span>
     <span class='ocr_line' id='line_1_6' title="bbox 191 1850 1529 1948; baseline -0.003 -22"><span class='ocrx_word' id='word_1_19' title='bbox 191 1869 273 1926; x_wconf 75' lang='lat' dir='ltr'>non</span> <span class='ocrx_word' id='word_1_20' title='bbox 293 1854 341 1926; x_wconf 86' lang='lat' dir='ltr'>ab</span> <span class='ocrx_word' id='word_1_21' title='bbox 365 1879 403 1925; x_wconf 94' lang='lat' dir='ltr'>re</span> <span class='ocrx_word' id='word_1_22' title='bbox 425 1853 501 1924; x_wconf 85' lang='lat' dir='ltr'>sore</span> <span class='ocrx_word' id='word_1_23' title='bbox 520 1851 660 1948; x_wconf 88' lang='lat' dir='ltr'>putavit</span> <span class='ocrx_word' id='word_1_24' title='bbox 680 1850 947 1922; x_wconf 91' lang='lat' dir='ltr'>eruditissimus</span> <span class='ocrx_word' id='word_1_25' title='bbox 969 1864 1096 1922; x_wconf 88' lang='lat' dir='ltr'>auctor</span> <span class='ocrx_word' id='word_1_26' title='bbox 1112 1851 1356 1922; x_wconf 88' lang='lat' dir='ltr'>Collectionis.</span> <span class='ocrx_word' id='word_1_27' title='bbox 1378 1851 1529 1922; x_wconf 82' lang='lat' dir='ltr'>Difficil-</span> 
     </span>
     <span class='ocr_line' id='line_1_7' title="bbox 193 1971 1530 2070; baseline -0.003 -22"><span class='ocrx_word' id='word_1_28' title='bbox 193 1977 284 2048; x_wconf 91' lang='lat' dir='ltr'>lima</span> <span class='ocrx_word' id='word_1_29' title='bbox 303 1990 357 2047; x_wconf 87' lang='lat' dir='ltr'>est</span> <span class='ocrx_word' id='word_1_30' title='bbox 389 1989 530 2064; x_wconf 90' lang='lat' dir='ltr'>autem,</span> <span class='ocrx_word' id='word_1_31' title='bbox 561 1975 669 2044; x_wconf 91' lang='lat' dir='ltr'>etiam</span> <span class='ocrx_word' id='word_1_32' title='bbox 699 1988 782 2070; x_wconf 90' lang='lat' dir='ltr'>post</span> <span class='ocrx_word' id='word_1_33' title='bbox 809 1996 916 2070; x_wconf 90' lang='lat' dir='ltr'>opem</span> <span class='ocrx_word' id='word_1_34' title='bbox 942 1998 962 2044; x_wconf 89' lang='lat' dir='ltr'>a</span> <span class='ocrx_word' id='word_1_35' title='bbox 986 1971 1209 2045; x_wconf 81' lang='lat' dir='ltr'>doctissimis</span> <span class='ocrx_word' id='word_1_36' title='bbox 1236 1989 1272 2044; x_wconf 91' lang='lat' dir='ltr'>et</span> <span class='ocrx_word' id='word_1_37' title='bbox 1295 1975 1530 2069; x_wconf 81' lang='lat' dir='ltr'>sagacissimis</span> 
     </span>
     <span class='ocr_line' id='line_1_8' title="bbox 195 2097 1616 2196; baseline -0.004 -22"><span class='ocrx_word' id='word_1_38' title='bbox 195 2104 286 2174; x_wconf 87' lang='lat' dir='ltr'>viris</span> <span class='ocrx_word' id='word_1_39' title='bbox 304 2103 468 2174; x_wconf 88' lang='lat' dir='ltr'>certatim</span> <span class='ocrx_word' id='word_1_40' title='bbox 484 2101 645 2191; x_wconf 87' lang='lat' dir='ltr'>allatam,</span> <span class='ocrx_word' id='word_1_41' title='bbox 659 2099 841 2196; x_wconf 87' lang='lat' dir='ltr'>hodieque</span> <span class='ocrx_word' id='word_1_42' title='bbox 856 2097 983 2169; x_wconf 90' lang='lat' dir='ltr'>harum</span> <span class='ocrx_word' id='word_1_43' title='bbox 1003 2101 1236 2196; x_wconf 90' lang='lat' dir='ltr'>reliquiarum</span> <span class='ocrx_word' id='word_1_44' title='bbox 1253 2101 1427 2174; x_wconf 92' lang='lat' dir='ltr'>conditio.</span> <span class='ocrx_word' id='word_1_45' title='bbox 1444 2107 1530 2173; x_wconf 90' lang='lat' dir='ltr'>Nam</span> <span class='ocrx_word' id='word_1_46' title='bbox 1613 2163 1616 2169; x_wconf 90' lang='lat'><em>.</em></span> 
     </span>
     <span class='ocr_line' id='line_1_9' title="bbox 197 2221 1531 2322; baseline -0.001 -25"><span class='ocrx_word' id='word_1_47' title='bbox 197 2241 236 2298; x_wconf 89' lang='lat' dir='ltr'>et</span> <span class='ocrx_word' id='word_1_48' title='bbox 254 2225 395 2322; x_wconf 85' lang='lat' dir='ltr'>singula</span> <span class='ocrx_word' id='word_1_49' title='bbox 416 2225 453 2295; x_wconf 94' lang='lat' dir='ltr'>in</span> <span class='ocrx_word' id='word_1_50' title='bbox 474 2223 663 2295; x_wconf 89' lang='lat' dir='ltr'>codicibus</span> <span class='ocrx_word' id='word_1_51' title='bbox 681 2223 772 2296; x_wconf 91' lang='lat' dir='ltr'>adeo</span> <span class='ocrx_word' id='word_1_52' title='bbox 794 2237 962 2321; x_wconf 86' lang='lat' dir='ltr'>corrupta</span> <span class='ocrx_word' id='word_1_53' title='bbox 983 2223 1165 2312; x_wconf 77' lang='lat' dir='ltr'>feruntur,</span> <span class='ocrx_word' id='word_1_54' title='bbox 1184 2238 1223 2294; x_wconf 90' lang='lat' dir='ltr'>ut</span> <span class='ocrx_word' id='word_1_55' title='bbox 1238 2221 1350 2296; x_wconf 90' lang='lat' dir='ltr'>multa</span> <span class='ocrx_word' id='word_1_56' title='bbox 1365 2224 1531 2296; x_wconf 91' lang='lat' dir='ltr'>nondum</span> 
     </span>
     <span class='ocr_line' id='line_1_10' title="bbox 199 2345 1530 2447; baseline 0 -27"><span class='ocrx_word' id='word_1_57' title='bbox 199 2349 388 2447; x_wconf 91' lang='lat' dir='ltr'>potuerint</span> <span class='ocrx_word' id='word_1_58' title='bbox 400 2348 485 2420; x_wconf 92' lang='lat' dir='ltr'>satis</span> <span class='ocrx_word' id='word_1_59' title='bbox 493 2345 730 2445; x_wconf 86' lang='lat' dir='ltr'>probabiliter</span> <span class='ocrx_word' id='word_1_60' title='bbox 740 2345 923 2417; x_wconf 91' lang='lat' dir='ltr'>emendari</span> <span class='ocrx_word' id='word_1_61' title='bbox 935 2373 944 2436; x_wconf 81' lang='lat'><em>3</em></span> <span class='ocrx_word' id='word_1_62' title='bbox 958 2359 996 2416; x_wconf 84' lang='lat' dir='ltr'>et</span> <span class='ocrx_word' id='word_1_63' title='bbox 1013 2345 1058 2416; x_wconf 92' lang='lat' dir='ltr'>de</span> <span class='ocrx_word' id='word_1_64' title='bbox 1072 2345 1279 2444; x_wconf 77' lang='lat' dir='ltr'>scriptionis</span> <span class='ocrx_word' id='word_1_65' title='bbox 1296 2347 1408 2418; x_wconf 88' lang='lat' dir='ltr'>totius</span> <span class='ocrx_word' id='word_1_66' title='bbox 1419 2347 1530 2420; x_wconf 86' lang='lat' dir='ltr'>lorma</span> 
     </span>
     <span class='ocr_line' id='line_1_11' title="bbox 200 2469 1531 2568; baseline 0 -24"><span class='ocrx_word' id='word_1_67' title='bbox 200 2475 359 2568; x_wconf 86' lang='lat' dir='ltr'>genuina</span> <span class='ocrx_word' id='word_1_68' title='bbox 375 2472 576 2544; x_wconf 90' lang='lat' dir='ltr'>nemodum</span> <span class='ocrx_word' id='word_1_69' title='bbox 595 2473 644 2544; x_wconf 89' lang='lat' dir='ltr'>ita</span> <span class='ocrx_word' id='word_1_70' title='bbox 660 2471 848 2562; x_wconf 77' lang='lat' dir='ltr'>disseruit,</span> <span class='ocrx_word' id='word_1_71' title='bbox 867 2486 907 2542; x_wconf 89' lang='lat' dir='ltr'>ut</span> <span class='ocrx_word' id='word_1_72' title='bbox 922 2472 959 2542; x_wconf 92' lang='lat' dir='ltr'>in</span> <span class='ocrx_word' id='word_1_73' title='bbox 974 2469 1119 2568; x_wconf 91' lang='lat' dir='ltr'>plenam</span> <span class='ocrx_word' id='word_1_74' title='bbox 1136 2473 1407 2568; x_wconf 80' lang='lat' dir='ltr'>persuasionem</span> <span class='ocrx_word' id='word_1_75' title='bbox 1420 2472 1531 2544; x_wconf 89' lang='lat' dir='ltr'>traha·</span> 
     </span>
     <span class='ocr_line' id='line_1_12' title="bbox 201 2595 1532 2695; baseline 0.002 -28"><span class='ocrx_word' id='word_1_76' title='bbox 201 2599 265 2668; x_wconf 92' lang='lat' dir='ltr'>ris.</span> <span class='ocrx_word' id='word_1_77' title='bbox 285 2596 477 2694; x_wconf 86' lang='lat' dir='ltr'>Equidem,</span> <span class='ocrx_word' id='word_1_78' title='bbox 498 2611 540 2667; x_wconf 86' lang='lat' dir='ltr'>ut</span> <span class='ocrx_word' id='word_1_79' title='bbox 558 2596 670 2668; x_wconf 83' lang='lat' dir='ltr'>verbo</span> <span class='ocrx_word' id='word_1_80' title='bbox 693 2595 810 2668; x_wconf 89' lang='lat' dir='ltr'>dicam</span> <span class='ocrx_word' id='word_1_81' title='bbox 833 2595 935 2693; x_wconf 91' lang='lat' dir='ltr'>quod</span> <span class='ocrx_word' id='word_1_82' title='bbox 953 2599 1084 2688; x_wconf 91' lang='lat' dir='ltr'>sentio,</span> <span class='ocrx_word' id='word_1_83' title='bbox 1106 2597 1277 2694; x_wconf 88' lang='lat' dir='ltr'>pleraque</span> <span class='ocrx_word' id='word_1_84' title='bbox 1294 2597 1532 2695; x_wconf 87' lang='lat' dir='ltr'>Theophrasti</span> 
     </span>
    </p>
   </div>
   <div class='ocr_carea' id='block_1_4' title="bbox 200 2728 1536 3076">
    <p class='ocr_par' dir='ltr' id='par_1_4' title="bbox 200 2728 1536 3076">
     <span class='ocr_line' id='line_1_13' title="bbox 200 2728 1534 2830; baseline -0.001 -27"><span class='ocrx_word' id='word_1_85' title='bbox 200 2755 281 2803; x_wconf 89' lang='lat' dir='ltr'>esse</span> <span class='ocrx_word' id='word_1_86' title='bbox 303 2729 478 2821; x_wconf 87' lang='lat' dir='ltr'>arbitror,</span> <span class='ocrx_word' id='word_1_87' title='bbox 498 2729 611 2826; x_wconf 91' lang='lat' dir='ltr'>ipsius</span> <span class='ocrx_word' id='word_1_88' title='bbox 628 2729 735 2800; x_wconf 88' lang='lat' dir='ltr'>etiam</span> <span class='ocrx_word' id='word_1_89' title='bbox 751 2728 871 2800; x_wconf 88' lang='lat' dir='ltr'>verbis</span> <span class='ocrx_word' id='word_1_90' title='bbox 889 2729 1001 2820; x_wconf 91' lang='lat' dir='ltr'>dicta,</span> <span class='ocrx_word' id='word_1_91' title='bbox 1020 2756 1062 2802; x_wconf 88' lang='lat' dir='ltr'>ex</span> <span class='ocrx_word' id='word_1_92' title='bbox 1078 2756 1187 2830; x_wconf 93' lang='lat' dir='ltr'>opere</span> <span class='ocrx_word' id='word_1_93' title='bbox 1204 2735 1313 2812; x_wconf 71' lang='grc' dir='ltr'>ἠθικῶν</span> <span class='ocrx_word' id='word_1_94' title='bbox 1332 2741 1534 2830; x_wconf 64' lang='grc' dir='ltr'>χαρακτήρων</span> 
     </span>
     <span class='ocr_line' id='line_1_14' title="bbox 200 2853 1536 2952; baseline 0.001 -26"><span class='ocrx_word' id='word_1_95' title='bbox 200 2870 367 2952; x_wconf 81' lang='lat' dir='ltr'>excerpta</span> <span class='ocrx_word' id='word_1_96' title='bbox 378 2855 425 2925; x_wconf 86' lang='lat' dir='ltr'>ab</span> <span class='ocrx_word' id='word_1_97' title='bbox 436 2853 642 2926; x_wconf 79' lang='lat' dir='ltr'>rheton&#39;bus.</span> <span class='ocrx_word' id='word_1_98' title='bbox 657 2855 736 2922; x_wconf 91' lang='lat' dir='ltr'>Non</span> <span class='ocrx_word' id='word_1_99' title='bbox 753 2867 808 2922; x_wconf 89' lang='lat' dir='ltr'>est</span> <span class='ocrx_word' id='word_1_100' title='bbox 822 2853 919 2922; x_wconf 91' lang='lat' dir='ltr'>enim</span> <span class='ocrx_word' id='word_1_101' title='bbox 934 2853 978 2925; x_wconf 94' lang='lat' dir='ltr'>de</span> <span class='ocrx_word' id='word_1_102' title='bbox 996 2853 1134 2945; x_wconf 93' lang='lat' dir='ltr'>nihilo,</span> <span class='ocrx_word' id='word_1_103' title='bbox 1152 2855 1252 2952; x_wconf 89' lang='lat' dir='ltr'>quod</span> <span class='ocrx_word' id='word_1_104' title='bbox 1267 2853 1400 2926; x_wconf 92' lang='lat' dir='ltr'>horum</span> <span class='ocrx_word' id='word_1_105' title='bbox 1416 2854 1536 2927; x_wconf 90' lang='lat' dir='ltr'>chara-</span> 
     </span>
     <span class='ocr_line' id='line_1_15' title="bbox 202 2975 1535 3076; baseline 0 -26"><span class='ocrx_word' id='word_1_106' title='bbox 202 2993 341 3050; x_wconf 90' lang='lat' dir='ltr'>cterum</span> <span class='ocrx_word' id='word_1_107' title='bbox 358 2977 566 3076; x_wconf 75' lang='lat' dir='ltr'>particulae,</span> <span class='ocrx_word' id='word_1_108' title='bbox 590 2992 662 3048; x_wconf 91' lang='lat' dir='ltr'>tam</span> <span class='ocrx_word' id='word_1_109' title='bbox 694 2975 788 3045; x_wconf 90' lang='lat' dir='ltr'>inter</span> <span class='ocrx_word' id='word_1_110' title='bbox 817 3000 855 3046; x_wconf 92' lang='lat' dir='ltr'>se</span> <span class='ocrx_word' id='word_1_111' title='bbox 881 2975 1049 3069; x_wconf 87' lang='lat' dir='ltr'>diversae,</span> <span class='ocrx_word' id='word_1_112' title='bbox 1076 3003 1204 3051; x_wconf 87' lang='lat' dir='ltr'>omnes</span> <span class='ocrx_word' id='word_1_113' title='bbox 1233 2993 1352 3051; x_wconf 88' lang='lat' dir='ltr'>tamen</span> <span class='ocrx_word' id='word_1_114' title='bbox 1379 2980 1535 3050; x_wconf 85' lang='lat' dir='ltr'>inventae</span> 
     </span>
    </p>
   </div>
   <div class='ocr_carea' id='block_1_5' title="bbox 114 3109 1536 3459">
    <p class='ocr_par' dir='ltr' id='par_1_5' title="bbox 114 3109 1536 3459">
     <span class='ocr_line' id='line_1_16' title="bbox 201 3109 1534 3210; baseline 0.001 -26"><span class='ocrx_word' id='word_1_115' title='bbox 201 3128 287 3184; x_wconf 89' lang='lat' dir='ltr'>sunt</span> <span class='ocrx_word' id='word_1_116' title='bbox 303 3113 340 3184; x_wconf 93' lang='lat' dir='ltr'>in</span> <span class='ocrx_word' id='word_1_117' title='bbox 352 3111 543 3184; x_wconf 91' lang='lat' dir='ltr'>codicibus</span> <span class='ocrx_word' id='word_1_118' title='bbox 560 3109 1017 3208; x_wconf 59' lang='lat' dir='ltr'>rhetor·umGraeoorurn*).</span> <span class='ocrx_word' id='word_1_119' title='bbox 1035 3113 1192 3184; x_wconf 84' lang='lat' dir='ltr'>Rutilius</span> <span class='ocrx_word' id='word_1_120' title='bbox 1206 3111 1253 3182; x_wconf 90' lang='lat' dir='ltr'>de</span> <span class='ocrx_word' id='word_1_121' title='bbox 1266 3128 1505 3210; x_wconf 78' lang='grc' dir='ltr'>χαρακτηρισμῷ</span> <span class='ocrx_word' id='word_1_122' title='bbox 1526 3143 1534 3185; x_wconf 91' lang='lat'><strong>:</strong></span> 
     </span>
     <span class='ocr_line' id='line_1_17' title="bbox 206 3233 1535 3334; baseline -0.001 -27"><span class='ocrx_word' id='word_1_123' title='bbox 206 3233 625 3332; x_wconf 77' lang='lat' dir='ltr'>Quenmdmodumpictor</span> <span class='ocrx_word' id='word_1_124' title='bbox 638 3236 811 3308; x_wconf 80' lang='lat' dir='ltr'>coloribus</span> <span class='ocrx_word' id='word_1_125' title='bbox 816 3237 960 3334; x_wconf 70' lang='lat' dir='ltr'>figuras</span> <span class='ocrx_word' id='word_1_126' title='bbox 973 3233 1149 3322; x_wconf 80' lang='lat' dir='ltr'>describit,</span> <span class='ocrx_word' id='word_1_127' title='bbox 1165 3237 1215 3306; x_wconf 84' lang='lat' dir='ltr'>sic</span> <span class='ocrx_word' id='word_1_128' title='bbox 1222 3251 1342 3306; x_wconf 83' lang='lat' dir='ltr'>orator</span> <span class='ocrx_word' id='word_1_129' title='bbox 1354 3235 1421 3306; x_wconf 80' lang='lat' dir='ltr'>hoc</span> <span class='ocrx_word' id='word_1_130' title='bbox 1436 3235 1535 3307; x_wconf 77' lang='lat' dir='ltr'>sche-</span> 
     </span>
     <span class='ocr_line' id='line_1_18' title="bbox 114 3349 1536 3459; baseline 0 -29"><span class='ocrx_word' id='word_1_131' title='bbox 114 3349 118 3356; x_wconf 59' lang='grc'><strong>’</strong></span> <span class='ocrx_word' id='word_1_132' title='bbox 203 3377 300 3432; x_wconf 83' lang='lat' dir='ltr'>mate</span> <span class='ocrx_word' id='word_1_133' title='bbox 307 3377 371 3431; x_wconf 84' lang='lat' dir='ltr'>aut</span> <span class='ocrx_word' id='word_1_134' title='bbox 379 3363 471 3431; x_wconf 67' lang='lat' dir='ltr'>vitm</span> <span class='ocrx_word' id='word_1_135' title='bbox 487 3375 551 3430; x_wconf 83' lang='lat' dir='ltr'>aut</span> <span class='ocrx_word' id='word_1_136' title='bbox 570 3363 720 3432; x_wconf 79' lang='lat' dir='ltr'>vt&#39;rtutes</span> <span class='ocrx_word' id='word_1_137' title='bbox 741 3385 873 3447; x_wconf 77' lang='lat' dir='ltr'>corant,</span> <span class='ocrx_word' id='word_1_138' title='bbox 892 3358 1078 3458; x_wconf 78' lang='lat' dir='ltr'>dequibus</span> <span class='ocrx_word' id='word_1_139' title='bbox 1096 3359 1259 3459; x_wconf 78' lang='lat' dir='ltr'>loquitur,</span> <span class='ocrx_word' id='word_1_140' title='bbox 1280 3360 1466 3450; x_wconf 70' lang='lat' dir='ltr'>(informat.</span> <span class='ocrx_word' id='word_1_141' title='bbox 1482 3365 1536 3432; x_wconf 90' lang='lat' dir='ltr'>En</span> 
     </span>
    </p>
   </div>
   <div class='ocr_carea' id='block_1_6' title="bbox 203 3489 1543 4974">
    <p class='ocr_par' dir='ltr' id='par_1_6' title="bbox 203 3489 1543 4974">
     <span class='ocr_line' id='line_1_19' title="bbox 204 3489 1538 3590; baseline 0 -28"><span class='ocrx_word' id='word_1_142' title='bbox 204 3493 315 3586; x_wconf 82' lang='lat' dir='ltr'>igitur</span> <span class='ocrx_word' id='word_1_143' title='bbox 332 3503 584 3590; x_wconf 75' lang='grc' dir='ltr'>χαρακτηρισμοῦ</span> <span class='ocrx_word' id='word_1_144' title='bbox 603 3493 802 3590; x_wconf 89' lang='lat' dir='ltr'>specimina</span> <span class='ocrx_word' id='word_1_145' title='bbox 820 3489 1105 3588; x_wconf 83' lang='lat' dir='ltr'>Tlreophrastea,</span> <span class='ocrx_word' id='word_1_146' title='bbox 1125 3517 1206 3588; x_wconf 85' lang='lat' dir='ltr'>quae</span> <span class='ocrx_word' id='word_1_147' title='bbox 1222 3492 1384 3564; x_wconf 88' lang='lat' dir='ltr'>rhetores</span> <span class='ocrx_word' id='word_1_148' title='bbox 1406 3491 1538 3589; x_wconf 93' lang='lat' dir='ltr'>quidni</span> 
     </span>
     <span class='ocr_line' id='line_1_20' title="bbox 204 3613 1539 3713; baseline 0.001 -29"><span class='ocrx_word' id='word_1_149' title='bbox 204 3615 460 3712; x_wconf 90' lang='lat' dir='ltr'>proposuerint</span> <span class='ocrx_word' id='word_1_150' title='bbox 496 3613 684 3713; x_wconf 89' lang='lat' dir='ltr'>discipulis</span> <span class='ocrx_word' id='word_1_151' title='bbox 703 3615 749 3688; x_wconf 88' lang='lat' dir='ltr'>ad</span> <span class='ocrx_word' id='word_1_152' title='bbox 773 3614 869 3686; x_wconf 92' lang='lat' dir='ltr'>hanc</span> <span class='ocrx_word' id='word_1_153' title='bbox 891 3629 1031 3711; x_wconf 90' lang='lat' dir='ltr'>partem</span> <span class='ocrx_word' id='word_1_154' title='bbox 1065 3615 1151 3686; x_wconf 88' lang='lat' dir='ltr'>artis</span> <span class='ocrx_word' id='word_1_155' title='bbox 1186 3614 1479 3687; x_wconf 78' lang='lat' dir='ltr'>informandam?</span> <span class='ocrx_word' id='word_1_156' title='bbox 1498 3631 1539 3686; x_wconf 89' lang='lat' dir='ltr'>ut</span> 
     </span>
     <span class='ocr_line' id='line_1_21' title="bbox 203 3738 1538 3837; baseline 0 -28"><span class='ocrx_word' id='word_1_157' title='bbox 203 3739 367 3834; x_wconf 84' lang='lat' dir='ltr'>Gorgias,</span> <span class='ocrx_word' id='word_1_158' title='bbox 397 3763 507 3836; x_wconf 85' lang='lat' dir='ltr'>quern</span> <span class='ocrx_word' id='word_1_159' title='bbox 535 3740 719 3812; x_wconf 89' lang='lat' dir='ltr'>transtulit</span> <span class='ocrx_word' id='word_1_160' title='bbox 743 3739 915 3828; x_wconf 83' lang='lat' dir='ltr'>Rutilius,</span> <span class='ocrx_word' id='word_1_161' title='bbox 939 3763 1013 3809; x_wconf 95' lang='lat' dir='ltr'>non</span> <span class='ocrx_word' id='word_1_162' title='bbox 1045 3740 1215 3830; x_wconf 90' lang='lat' dir='ltr'>oratoris,</span> <span class='ocrx_word' id='word_1_163' title='bbox 1242 3739 1305 3811; x_wconf 89' lang='lat' dir='ltr'>sed</span> <span class='ocrx_word' id='word_1_164' title='bbox 1328 3738 1538 3837; x_wconf 93' lang='lat' dir='ltr'>philosophi</span> 
     </span>
     <span class='ocr_line' id='line_1_22' title="bbox 206 3869 1541 3971; baseline 0.001 -29"><span class='ocrx_word' id='word_1_165' title='bbox 206 3872 430 3969; x_wconf 88' lang='lat' dir='ltr'>Peripatetici</span> <span class='ocrx_word' id='word_1_166' title='bbox 454 3874 619 3971; x_wconf 83' lang='lat' dir='ltr'>exemplo</span> <span class='ocrx_word' id='word_1_167' title='bbox 643 3875 891 3971; x_wconf 79' lang='grc' dir='ltr'>χαρακτηρισμὸν</span> <span class='ocrx_word' id='word_1_168' title='bbox 914 3869 1124 3968; x_wconf 82' lang='lat' dir='ltr'>explicabat.</span> <span class='ocrx_word' id='word_1_169' title='bbox 1153 3876 1272 3959; x_wconf 89' lang='lat' dir='ltr'>Quam</span> <span class='ocrx_word' id='word_1_170' title='bbox 1291 3898 1366 3944; x_wconf 86' lang='lat' dir='ltr'>rem</span> <span class='ocrx_word' id='word_1_171' title='bbox 1386 3876 1415 3945; x_wconf 91' lang='lat' dir='ltr'>si</span> <span class='ocrx_word' id='word_1_172' title='bbox 1436 3897 1541 3971; x_wconf 90' lang='lat' dir='ltr'>repu-</span> 
     </span>
     <span class='ocr_line' id='line_1_23' title="bbox 205 3995 1539 4087; baseline 0 -21"><span class='ocrx_word' id='word_1_173' title='bbox 205 4005 316 4067; x_wconf 77' lang='lat' dir='ltr'>tasset</span> <span class='ocrx_word' id='word_1_174' title='bbox 335 3997 473 4087; x_wconf 80' lang='lat' dir='ltr'>Aetius,</span> <span class='ocrx_word' id='word_1_175' title='bbox 493 4021 567 4068; x_wconf 93' lang='lat' dir='ltr'>non</span> <span class='ocrx_word' id='word_1_176' title='bbox 587 3997 774 4070; x_wconf 86' lang='lat' dir='ltr'>librarium</span> <span class='ocrx_word' id='word_1_177' title='bbox 794 3995 954 4074; x_wconf 75' lang='lat' dir='ltr'>finxisset</span> <span class='ocrx_word' id='word_1_178' title='bbox 976 3995 1539 4067; x_wconf 83' lang='lat' dir='ltr'>Palatinorumincrementorum</span> 
     </span>
     <span class='ocr_line' id='line_1_24' title="bbox 204 4129 1540 4228; baseline 0.003 -30"><span class='ocrx_word' id='word_1_179' title='bbox 204 4129 439 4225; x_wconf 82' lang='lat' dir='ltr'>scriptorem3</span> <span class='ocrx_word' id='word_1_180' title='bbox 457 4153 575 4226; x_wconf 88' lang='lat' dir='ltr'>neque</span> <span class='ocrx_word' id='word_1_181' title='bbox 595 4130 758 4219; x_wconf 89' lang='lat' dir='ltr'>Fossius,</span> <span class='ocrx_word' id='word_1_182' title='bbox 780 4131 941 4226; x_wconf 83' lang='lat' dir='ltr'>egregius</span> <span class='ocrx_word' id='word_1_183' title='bbox 970 4131 1024 4202; x_wconf 85' lang='lat' dir='ltr'>vir</span> <span class='ocrx_word' id='word_1_184' title='bbox 1032 4184 1043 4218; x_wconf 91' lang='lat'>,</span> <span class='ocrx_word' id='word_1_185' title='bbox 1069 4146 1141 4204; x_wconf 89' lang='lat' dir='ltr'>tam</span> <span class='ocrx_word' id='word_1_186' title='bbox 1171 4132 1283 4204; x_wconf 86' lang='lat' dir='ltr'>multa</span> <span class='ocrx_word' id='word_1_187' title='bbox 1301 4135 1353 4228; x_wconf 83' lang='grc' dir='ltr'>ἀφ’</span> <span class='ocrx_word' id='word_1_188' title='bbox 1372 4129 1489 4227; x_wconf 81' lang='grc' dir='ltr'>ἁμάξης</span> <span class='ocrx_word' id='word_1_189' title='bbox 1502 4132 1540 4202; x_wconf 93' lang='lat' dir='ltr'>in</span> 
     </span>
     <span class='ocr_line' id='line_1_25' title="bbox 204 4251 1541 4353; baseline 0.002 -30"><span class='ocrx_word' id='word_1_190' title='bbox 204 4276 366 4323; x_wconf 88' lang='lat' dir='ltr'>errorem</span> <span class='ocrx_word' id='word_1_191' title='bbox 385 4251 487 4323; x_wconf 88' lang='lat' dir='ltr'>illum</span> <span class='ocrx_word' id='word_1_192' title='bbox 501 4253 724 4348; x_wconf 89' lang='lat' dir='ltr'>conjecisset.</span> <span class='ocrx_word' id='word_1_193' title='bbox 742 4257 819 4325; x_wconf 88' lang='lat' dir='ltr'>lam</span> <span class='ocrx_word' id='word_1_194' title='bbox 834 4279 919 4328; x_wconf 90' lang='lat' dir='ltr'>vero</span> <span class='ocrx_word' id='word_1_195' title='bbox 933 4281 1049 4352; x_wconf 93' lang='lat' dir='ltr'>quum</span> <span class='ocrx_word' id='word_1_196' title='bbox 1066 4283 1109 4328; x_wconf 85' lang='lat' dir='ltr'>ex</span> <span class='ocrx_word' id='word_1_197' title='bbox 1124 4256 1279 4347; x_wconf 91' lang='lat' dir='ltr'>indicio,</span> <span class='ocrx_word' id='word_1_198' title='bbox 1300 4254 1401 4353; x_wconf 94' lang='lat' dir='ltr'>quod</span> <span class='ocrx_word' id='word_1_199' title='bbox 1430 4255 1541 4352; x_wconf 85' lang='lat' dir='ltr'>signi·</span> 
     </span>
     <span class='ocr_line' id='line_1_26' title="bbox 207 4375 1542 4475; baseline 0.002 -29"><span class='ocrx_word' id='word_1_200' title='bbox 207 4375 332 4466; x_wconf 81' lang='lat' dir='ltr'>licavi,</span> <span class='ocrx_word' id='word_1_201' title='bbox 359 4375 548 4472; x_wconf 88' lang='lat' dir='ltr'>probabile</span> <span class='ocrx_word' id='word_1_202' title='bbox 572 4375 633 4448; x_wconf 90' lang='lat' dir='ltr'>liat</span> <span class='ocrx_word' id='word_1_203' title='bbox 662 4402 726 4475; x_wconf 93' lang='lat' dir='ltr'>per</span> <span class='ocrx_word' id='word_1_204' title='bbox 753 4378 940 4452; x_wconf 88' lang='lat' dir='ltr'>rhetorum</span> <span class='ocrx_word' id='word_1_205' title='bbox 972 4407 1098 4453; x_wconf 89' lang='lat' dir='ltr'>manus</span> <span class='ocrx_word' id='word_1_206' title='bbox 1130 4379 1263 4451; x_wconf 88' lang='lat' dir='ltr'>delatas</span> <span class='ocrx_word' id='word_1_207' title='bbox 1294 4379 1339 4451; x_wconf 92' lang='lat' dir='ltr'>ad</span> <span class='ocrx_word' id='word_1_208' title='bbox 1367 4405 1436 4452; x_wconf 92' lang='lat' dir='ltr'>nos</span> <span class='ocrx_word' id='word_1_209' title='bbox 1465 4405 1542 4450; x_wconf 88' lang='lat' dir='ltr'>esse</span> 
     </span>
     <span class='ocr_line' id='line_1_27' title="bbox 206 4498 1543 4599; baseline 0.001 -31"><span class='ocrx_word' id='word_1_210' title='bbox 206 4498 379 4595; x_wconf 87' lang='lat' dir='ltr'>reliquias</span> <span class='ocrx_word' id='word_1_211' title='bbox 404 4499 489 4572; x_wconf 93' lang='lat' dir='ltr'>libri</span> <span class='ocrx_word' id='word_1_212' title='bbox 517 4499 774 4598; x_wconf 85' lang='lat' dir='ltr'>Theophrastei</span> <span class='ocrx_word' id='word_1_213' title='bbox 801 4503 887 4599; x_wconf 84' lang='lat' dir='ltr'>(jam</span> <span class='ocrx_word' id='word_1_214' title='bbox 917 4503 1047 4575; x_wconf 88' lang='lat' dir='ltr'>Stobaei</span> <span class='ocrx_word' id='word_1_215' title='bbox 1079 4517 1198 4594; x_wconf 84' lang='lat' dir='ltr'>aetate,</span> <span class='ocrx_word' id='word_1_216' title='bbox 1227 4518 1267 4574; x_wconf 88' lang='lat' dir='ltr'>ut</span> <span class='ocrx_word' id='word_1_217' title='bbox 1300 4501 1445 4574; x_wconf 89' lang='lat' dir='ltr'>credere</span> <span class='ocrx_word' id='word_1_218' title='bbox 1478 4526 1543 4598; x_wconf 90' lang='lat' dir='ltr'>par</span> 
     </span>
     <span class='ocr_line' id='line_1_28' title="bbox 206 4607 1542 4722; baseline 0.001 -27"><span class='ocrx_word' id='word_1_219' title='bbox 206 4638 283 4713; x_wconf 89' lang='lat' dir='ltr'>est,</span> <span class='ocrx_word' id='word_1_220' title='bbox 299 4607 511 4722; x_wconf 86' lang='lat' dir='ltr'>deperditi),</span> <span class='ocrx_word' id='word_1_221' title='bbox 540 4627 705 4722; x_wconf 85' lang='lat' dir='ltr'>sequitur</span> <span class='ocrx_word' id='word_1_222' title='bbox 726 4651 801 4698; x_wconf 92' lang='lat' dir='ltr'>non</span> <span class='ocrx_word' id='word_1_223' title='bbox 824 4641 966 4699; x_wconf 88' lang='lat' dir='ltr'>tanturn</span> <span class='ocrx_word' id='word_1_224' title='bbox 985 4627 1109 4698; x_wconf 89' lang='lat' dir='ltr'>abesse</span> <span class='ocrx_word' id='word_1_225' title='bbox 1129 4627 1175 4698; x_wconf 94' lang='lat' dir='ltr'>ab</span> <span class='ocrx_word' id='word_1_226' title='bbox 1196 4625 1254 4698; x_wconf 93' lang='lat' dir='ltr'>his</span> <span class='ocrx_word' id='word_1_227' title='bbox 1276 4625 1542 4699; x_wconf 87' lang='lat' dir='ltr'>characteribus</span> 
     </span>
     <span class='ocr_line' id='line_1_29' title="bbox 208 4748 1541 4848; baseline 0.003 -30"><span class='ocrx_word' id='word_1_228' title='bbox 208 4748 503 4846; x_wconf 86' lang='lat' dir='ltr'>interpolationis</span> <span class='ocrx_word' id='word_1_229' title='bbox 517 4751 782 4846; x_wconf 89' lang='lat' dir='ltr'>suspicionem,</span> <span class='ocrx_word' id='word_1_230' title='bbox 802 4767 980 4848; x_wconf 89' lang='lat' dir='ltr'>quantum</span> <span class='ocrx_word' id='word_1_231' title='bbox 1014 4753 1167 4824; x_wconf 87' lang='lat' dir='ltr'>removit</span> <span class='ocrx_word' id='word_1_232' title='bbox 1190 4753 1344 4824; x_wconf 90' lang='lat' dir='ltr'>Fossius.</span> <span class='ocrx_word' id='word_1_233' title='bbox 1365 4750 1467 4823; x_wconf 87' lang='lat' dir='ltr'>Idem</span> <span class='ocrx_word' id='word_1_234' title='bbox 1490 4765 1541 4822; x_wconf 91' lang='lat' dir='ltr'>ta·</span> 
     </span>
     <span class='ocr_line' id='line_1_30' title="bbox 208 4871 1542 4974; baseline 0.001 -31"><span class='ocrx_word' id='word_1_235' title='bbox 208 4896 295 4944; x_wconf 86' lang='lat' dir='ltr'>men</span> <span class='ocrx_word' id='word_1_236' title='bbox 314 4871 482 4969; x_wconf 79' lang='lat' dir='ltr'>praeclare</span> <span class='ocrx_word' id='word_1_237' title='bbox 500 4873 697 4948; x_wconf 87' lang='lat' dir='ltr'>vindicavit</span> <span class='ocrx_word' id='word_1_238' title='bbox 715 4873 960 4948; x_wconf 85' lang='lat' dir='ltr'>additamenta</span> <span class='ocrx_word' id='word_1_239' title='bbox 984 4875 1144 4950; x_wconf 86' lang='lat' dir='ltr'>Palatina</span> <span class='ocrx_word' id='word_1_240' title='bbox 1163 4891 1198 4948; x_wconf 91' lang='lat' dir='ltr'>et</span> <span class='ocrx_word' id='word_1_241' title='bbox 1220 4871 1384 4974; x_wconf 83' lang='lat' dir='ltr'>magnam</span> <span class='ocrx_word' id='word_1_242' title='bbox 1404 4891 1542 4974; x_wconf 89' lang='lat' dir='ltr'>partem</span> 
     </span>
    </p>
   </div>
   <div class='ocr_carea' id='block_1_7' title="bbox 212 5131 1543 5311">
    <p class='ocr_par' dir='ltr' id='par_1_7' title="bbox 212 5131 1543 5311">
     <span class='ocr_line' id='line_1_31' title="bbox 251 5131 1543 5215; baseline -0.003 -20"><span class='ocrx_word' id='word_1_243' title='bbox 251 5131 278 5215; x_wconf 76' lang='lat' dir='ltr'>&#39;J</span> <span class='ocrx_word' id='word_1_244' title='bbox 296 5135 379 5195; x_wconf 80' lang='lat' dir='ltr'>Cous.</span> <span class='ocrx_word' id='word_1_245' title='bbox 391 5138 427 5196; x_wconf 86' lang='lat' dir='ltr'>L.</span> <span class='ocrx_word' id='word_1_246' title='bbox 441 5131 478 5192; x_wconf 76' lang='lat' dir='ltr'>dc</span> <span class='ocrx_word' id='word_1_247' title='bbox 491 5133 604 5209; x_wconf 79' lang='lat' dir='ltr'>Sinner,</span> <span class='ocrx_word' id='word_1_248' title='bbox 617 5137 712 5194; x_wconf 80' lang='lat' dir='ltr'>Notr&#39;ce</span> <span class='ocrx_word' id='word_1_249' title='bbox 725 5155 773 5192; x_wconf 81' lang='lat' dir='ltr'>sur</span> <span class='ocrx_word' id='word_1_250' title='bbox 786 5139 815 5193; x_wconf 82' lang='lat' dir='ltr'>la</span> <span class='ocrx_word' id='word_1_251' title='bbox 835 5141 883 5193; x_wconf 81' lang='lat' dir='ltr'>vie</span> <span class='ocrx_word' id='word_1_252' title='bbox 896 5148 925 5196; x_wconf 84' lang='lat' dir='ltr'>et</span> <span class='ocrx_word' id='word_1_253' title='bbox 938 5139 978 5194; x_wconf 79' lang='lat' dir='ltr'>les</span> <span class='ocrx_word' id='word_1_254' title='bbox 990 5155 1121 5214; x_wconf 80' lang='lat' dir='ltr'>onvmges</span> <span class='ocrx_word' id='word_1_255' title='bbox 1134 5137 1169 5193; x_wconf 76' lang='lat' dir='ltr'>de</span> <span class='ocrx_word' id='word_1_256' title='bbox 1186 5139 1324 5194; x_wconf 81' lang='lat' dir='ltr'>Diamant</span> <span class='ocrx_word' id='word_1_257' title='bbox 1334 5135 1435 5210; x_wconf 75' lang='lat' dir='ltr'>Cor-ay,</span> <span class='ocrx_word' id='word_1_258' title='bbox 1460 5153 1488 5211; x_wconf 89' lang='lat' dir='ltr'>p.</span> <span class='ocrx_word' id='word_1_259' title='bbox 1514 5151 1543 5206; x_wconf 75' lang='lat'>7,</span> 
     </span>
     <span class='ocr_line' id='line_1_32' title="bbox 212 5249 337 5311; baseline 0.016 -12"><span class='ocrx_word' id='word_1_260' title='bbox 212 5253 273 5300; x_wconf 80' lang='lat' dir='ltr'>not.</span> <span class='ocrx_word' id='word_1_261' title='bbox 292 5249 337 5311; x_wconf 71' lang='lat'>14.</span> 
     </span>
    </p>
   </div>
   <div class='ocr_carea' id='block_1_8' title="bbox 0 0 1941 5792">
    <p class='ocr_par' dir='ltr' id='par_1_8' title="bbox 0 0 1941 5792">
     <span class='ocr_line' id='line_1_33' title="bbox 0 0 1941 5792; baseline 0 0"><span class='ocrx_word' id='word_1_262' title='bbox 0 0 1941 5792; x_wconf 95' lang='lat' dir='ltr'> </span> 
     </span>
    </p>
   </div>
  </div>
 </body>
</html>
