3730 5776
91 406 199 486 (μοι.)
625 410 671 472 IN
691 409 917 474 ENGHIRID.
939 410 1030 474 GAP.
1051 413 1081 493 l,
1102 415 1119 491 §
1143 417 1169 476 1.
1501 421 1621 508 (ra-m)
1663 437 1682 490 t

88 532 296 596 inimicitiam
310 533 366 618 ἔχει
379 533 428 609 rip
442 539 537 610 ἑαυτῆς
550 535 663 620 αίρεσιν·
678 538 736 600 ἀλλ’
753 539 794 600 ἀεί
810 541 857 621 μὲν
899 548 966 600 omni
974 549 1123 612 oppositione
1132 549 1231 602 liberam
1240 551 1375 615 honoured
1384 554 1680 622 ferturquidemroiuntaa

86 626 140 710 πρὸς
149 623 178 686 τὸ
187 625 292 708 αἱρετὸν
303 625 349 686 καλ
363 627 460 707 ἀγαθὸν
472 627 625 710 φερομένην,
640 629 709 690 τὸδὲ
721 631 826 712 ἀγαθὸν,
839 631 857 704 ἡ
899 635 952 700 ejus
964 649 1058 701 semper
1076 637 1108 687 ad
1118 637 1208 702 aliquid
1223 641 1329 705 optabile
1340 646 1414 708 atquc
1428 646 1533 714 bonum,
1546 655 1572 702 at
1587 652 1681 706 bonum

86 717 155 783 ὄντως
173 715 271 796 ἀγαθὸν
295 715 423 799 ῦπάρχον,
443 716 461 790 ἡ
482 720 517 786 ὡς
538 719 633 798 ἀγαθὸν
654 719 790 790 ἐξαπατῶν
812 720 857 782 καί
898 725 1387 792 iiiudaliaequidemverum,aliaeautcm
1394 737 1680 808 speciebonideciptem,

86 803 205 882 ἀελεάζον,
221 804 266 863 διά
287 829 345 865 τινα
360 812 486 866 συνοῦσαν
506 809 578 890 αὐτῷ
598 809 703 882 ἡδονήν.
745 809 856 884 Ἐπειδὴ
897 819 970 880 atquc
986 815 1368 885 adiicienspropterroiuptatem
1379 823 1499 891 aliquam,
1515 843 1678 893 quaecum

65 894 127 975 ,γὰρ
142 899 178 975 τῷ
199 895 318 978 ἀληθινῷ
338 898 429 979 ἀγαθῷ
450 896 568 956 σύνεστιν
588 901 605 970 ἡ
629 898 738 972 ἀληθινὴ
761 899 856 974 ἡδονὴ,
897 905 1024 968 coniuncta
1033 911 1079 958 eet.
1095 909 1347 974 Namquoniamcum
1359 927 1417 966 rere
1427 916 1680 986 bonoremroluptm

83 981 138 1044 ύπου
157 981 188 1041 ἀν
202 983 300 1057 ἡδονῆς
320 983 443 1057 αἴσθηται
467 985 656 1070 σκιαγραφίας,
671 987 708 1066 μὴ
733 989 856 1068 κρίνουσα
897 995 1090 1058 orcomenam
1110 996 1257 1062 ubicumque
1275 1001 1371 1052 animae
1389 1003 1559 1058 adumbratum
1581 1009 1678 1075 aliquod

83 1070 154 1142 αύτὴν
165 1071 245 1132 ὁποία
257 1097 297 1141 τις
312 1072 381 1147 ἐστὶ,
396 1073 506 1154 πότερον
518 1075 617 1148 ἀληθὴς
632 1077 727 1159 καὶτῷ
741 1080 856 1163 ἀληθινῷ
897 1084 1028 1148 voluptatis
1041 1085 1198 1138 simulacrum
1209 1088 1393 1155 animadvertit,
1403 1107 1452 1143 non
1467 1094 1602 1158 dijudicans
1611 1110 1677 1150 rera-

82 1162 162 1242 ἀγαθῷ
177 1159 321 1241 συγγενὴς,
334 1159 352 1233 ἡ
368 1161 492 1236 ἀπατηλὴ
505 1162 551 1223 καὶ
564 1163 627 1224 σκιὰ
642 1167 740 1243 ἀγαθοῦ
754 1165 855 1247 ψευδώ-
896 1185 927 1223 υο
936 1185 964 1223 ea
973 1173 1006 1225 eit
1014 1179 1039 1224 et
1049 1187 1107 1225 vero
1116 1175 1180 1228 bono
1188 1184 1304 1242 cognata,
1314 1191 1345 1229 an
1355 1179 1427 1232 telier
1438 1186 1463 1234 et
1474 1182 1609 1237 adulterina
1620 1187 1678 1242 boni

81 1273 163 1328 νυμος,
175 1249 312 1331 ἐπιτρέχει
325 1255 362 1319 ὡς
375 1251 441 1334 πρὸς
454 1251 485 1312 τὸ
499 1252 604 1332 ἀγαθὸν,
619 1257 667 1314 οῦκ
681 1253 854 1336 ἐφιστάνουσα
896 1262 995 1324 umbra,
1007 1263 1039 1314 ad
1054 1277 1108 1314 eam
1119 1265 1245 1331 umquem
1260 1266 1291 1319 ad
1306 1268 1398 1320 bonum
1409 1272 1530 1337 adcurrit,
1542 1288 1621 1340 nequa
1636 1289 1678 1329 ex·

53 1355 71 1396 ιι
81 1337 115 1398 ὅτι
127 1340 330 1400 πολλαπλάσιον
350 1340 406 1422 έχει
423 1341 454 1400 τὸ
467 1340 598 1422 λυπηρόν·
616 1343 812 1427 προηγούμενύν
825 1369 854 1405 τι
895 1349 980 1414 pendit
989 1351 1146 1418 mutripuoem
1159 1355 1307 1420 molentium,
1319 1371 1440 1423 quaecum
1450 1373 1479 1412 ea
1490 1361 1618 1425 conjuncta
1628 1370 1676 1418 eat.

79 1428 181 1497 πάνιως·
206 1431 238 1490 ού
262 1427 315 1514 γὰρ
336 1428 427 1502 ἡθεται
447 1429 539 1491 ἐσθίων
559 1435 573 1491 ὁ
593 1431 630 1512 μὴ
653 1432 778 1514 πρόαρον
804 1434 854 1494 θπδ
895 1443 955 1490 Nam
964 1445 989 1492 et
997 1442 1118 1493 antecedit
1126 1444 1210 1508 ntique
1219 1445 1434 1513 molestiacnaque
1442 1451 1678 1506 enimu'hndeiacta·

79 1518 158 1591 πείνης
176 1517 321 1592 λυπηθείς,
344 1517 403 1578 οὐδὲ
421 1517 504 1578 πίνων
523 1519 615 1594 ἥδεται
637 1523 652 1579 ὁ
674 1519 711 1599 μὴ
731 1521 852 1603 διψήσας.
894 1530 1090 1595 turquisquem,
1101 1533 1148 1583 nisi
1160 1533 1228 1598 princ
1243 1535 1314 1586 tanda
1325 1537 1459 1590 molestiam
1474 1542 1678 1608 aeneadumque

78 1609 125 1669 Καὶ
134 1606 238 1668 σύνεστι
250 1606 280 1668 δὲ
294 1606 444 1690 πάντωςτῇ
458 1611 539 1691 ἡδονῇ
553 1607 666 1684 ἡλύπη.
707 1613 852 1694 Τοιγαροῦν
893 1621 967 1682 potu,
983 1619 1088 1682 quinon
1107 1621 1199 1672 sitierit.
1232 1627 1264 1676 Et
1278 1625 1409 1678 comitatur
1425 1627 1509 1694 utique
1524 1631 1676 1696 voluptatem

77 1697 115 1756 ε’ἀν
132 1695 229 1776 μεταξῦ
255 1695 357 1776 στὴσῃς
378 1695 422 1756 τὸν
445 1699 471 1756 έν
494 1700 532 1779 τῷ
558 1697 641 1757 πίνειν
661 1698 797 1777 ἡδύμκνον,
814 1699 854 1760 ἔτι
893 1707 1003 1758 molestia
1010 1711 1218 1776 ;nam,eiquem
1230 1711 1354 1766 bibentem
1371 1715 1591 1772 inmediabibendi
1607 1722 1675 1773 volu·

50 1809 67 1850 u
77 1789 173 1847 ἐνοῦσαν
184 1788 245 1869 ὄψει
257 1784 308 1858 τὴν
322 1785 408 1867 δίψαν.
450 1784 506 1847 Καὶ
515 1785 564 1854 έως
575 1785 634 1846 τύτι
646 1787 716 1847 έστλν
727 1793 744 1860 ἡ
755 1788 852 1864 ἡδονὴ,
892 1799 960 1858 pute
978 1796 1125 1861 inhibuerie,
1141 1800 1208 1852 sitim
1223 1801 1304 1853 adhuc
1320 1804 1400 1856 inesse
1417 1805 1511 1858 ridebis
1529 1823 1537 1860 a
1559 1813 1584 1860 et
1603 1809 1676 1863 durat

77 1873 177 1948 έωςάνὴ
186 1873 262 1950 λύπη
272 1873 442 1956 συνυπάργῃ·
452 1875 624 1954 παυσαμένης
632 1875 684 1958 γάρ
692 1881 738 1949 τῆς
747 1878 852 1953 πείνης,
891 1884 1016 1950 voluptas,
1028 1888 1143 1952 quamdiu
1155 1890 1265 1943 molestia
1276 1892 1298 1943 ei
1315 1893 1439 1958 adhaeret5
1456 1909 1512 1948 nam
1529 1898 1571 1950 ubi
1583 1899 1673 1965 tamea,

75 1961 211 2047 ἡδίψης,ἡ
228 1963 360 2046 ρίγους,ἡ
374 1987 443 2032 τινος
452 1966 504 2024 τῶν
517 1963 650 2040 τοιούτοιν,
661 1967 709 2026 οιίκ
720 1965 759 2026 έτι
770 1966 850 2042 ἡδέα,
890 1975 957 2037 aitis,
973 1975 1048 2040 algor,
1065 1979 1108 2029 aut
1127 1978 1214 2030 similia
1231 1981 1312 2044 aliqua
1329 1983 1439 2035 moieetia
1458 1985 1542 2038 eadata
1558 1990 1610 2052 eat,
1624 2003 1673 2042 non

75 2053 134 2112 ἀλλά
151 2058 288 2136 προσκορῆ
303 2052 424 2136 φαίνεται
441 2051 476 2112 τά
489 2053 605 2116 ἐναντία.
646 2053 702 2116 Καὶ
717 2052 808 2116 έπεται
823 2055 851 2117 δὲ
891 2064 994 2128 amptius
1009 2065 1093 2116 suavia
1110 2072 1168 2119 aunt
1182 2081 1237 2133 qum
1255 2069 1293 2120 hie
1310 2077 1471 2138 opponuntur,
1488 2075 1532 2127 aed
1547 2075 1671 2129 fastidium

74 2143 205 2212 ύιςέπίπαν
218 2142 295 2218 λύπη
306 2150 360 2210 τοῖς
374 2140 407 2202 δι’
420 2140 516 2218 ἡδσνὴν
530 2145 567 2214 εἰς
580 2143 708 2228 ἀμετρίαν
722 2149 850 2229 θποφερο-
890 2154 962 2206 cient.
996 2155 1110 2220 sequitur
1125 2158 1268 2209 nemetiam
1283 2159 1424 2226 pierumque
1441 2163 1552 2215 molmiia
1562 2168 1673 2233 namqui

45 2234 157 2311 νομένας.
891 2244 1022 2308 voluptatis
1033 2244 1131 2309 impulsi
1142 2245 1260 2298 illecabris
1271 2248 1391 2301 excedunt
1399 2250 1507 2303 modurn.

105 2319 153 2382 Διά
173 2319 223 2396 τὴν
241 2321 343 2404 αίρισιν
361 2319 388 2381 δὲ
402 2325 449 2382 τοῦ
462 2320 537 2394 ἡδέος
556 2325 654 2402 ἀγαθοῦ
681 2321 769 2384 πάντα
785 2327 849 2403 ἡμῖν
920 2335 940 2383 Ε
961 2331 1042 2384 audio
1059 2336 1140 2384 autem
1154 2333 1255 2396 jucnudi
1270 2335 1329 2388 boni
1347 2341 1446 2402 peccata
1462 2344 1546 2394 nestra
1563 2343 1674 2396 oriuntur

71 2411 162 2490 γίνεται
177 2409 213 2471 aa
230 2409 430 2492 ἀμαρτὴματα·
444 2407 535 2494 ὥσπερ
554 2409 603 2490 ed·
616 2411 665 2485 τὴν
686 2409 786 2493 αἵρεσιν
803 2417 848 2472 τοῦ
889 2421 985 2484 omnim
999 2421 1088 2474 doute
1101 2421 1245 2475 atudioreri
1260 2425 1408 2488 buni,recte
1423 2427 1492 2480 neu.
1523 2435 1558 2483 Ασ
1576 2445 1619 2497 per
1634 2446 1674 2485 vc·

72 2501 184 2574 ἀληθινοῦ
199 2504 302 2582 ἀγαθοῦ
321 2499 355 2559 τά
371 2497 574 2582 κατορθώματα.
616 2500 672 2562 Καὶ
686 2499 728 2560 διὰ
742 2505 788 2574 τῆς
804 2503 848 2561 ui·
889 2512 1006 2563 luntatem
1024 2517 1145 2577 noctram,
1165 2525 1209 2576 per
1226 2517 1357 2579 neutraque
1379 2517 1514 2582 proposita,
1537 2525 1562 2572 et
1581 2522 1672 2574 bonum

72 2587 157 2668 μύσεως
166 2590 213 2652 καλ
226 2588 406 2672 προαιρέσεως
416 2589 581 2670 τυγχάνομεν
595 2595 680 2650 τοῦτε
696 2593 794 2669 ἀγαθοῦ
803 2590 848 2651 καί
890 2601 1071 2665 consequimur,
1087 2602 1113 2652 et
1134 2601 1188 2665 eiua
1206 2604 1360 2656 mntrarium.
1393 2609 1455 2658 Nam
1477 2622 1534 2660 cum
1559 2610 1672 2663 veluntas

41 2684 109 2750 ,ςτοῦ
120 2680 247 2742 ἐναντίω.
288 2677 376 2740 Ὅταν
390 2677 438 2756 μέν
449 2677 500 2761 γάρ
515 2685 532 2752 ἡ
547 2677 645 2762 αἵρεσις
656 2671 789 2762 εύλυτοςῇ
802 2679 848 2740 καλ
889 2690 969 2742 eetnta
979 2702 1086 2755 puraque
1097 2691 1148 2754 eet,
1160 2695 1186 2742 et
1195 2691 1276 2744 auinro
1284 2695 1397 2746 rationali
1405 2709 1505 2762 parem,
1516 2698 1542 2748 in
1551 2713 1600 2764 quo
1609 2699 1673 2753 ineat

70 2769 180 2853 καθαρὰ,
195 2773 280 2843 αὐτῆς
296 2761 362 2830 ούσα
378 2773 425 2842 τῆς
439 2771 545 2850 λογικῆς
564 2773 663 2851 ψυχῆς,
676 2772 735 2831 καθ’
758 2770 791 2844 ἡν
805 2773 848 2831 ού-
888 2784 981 2831 naturea
997 2783 1089 2832 nostru
1105 2781 1222 2844 essentia,
1242 2783 1295 2834 tnm
1315 2783 1348 2835 ad
1363 2797 1402 2836 rea
1416 2799 1471 2838 vere
1488 2799 1572 2839 actua
1585 2791 1672 2841 natura

70 2857 193 2939 σιύμιθα,
209 2859 273 2920 τότε
290 2859 333 2919 ἐπὶ
353 2857 383 2918 τὸ
401 2858 481 2927 ὅντως
504 2857 605 2943 αἱρετὸν
625 2858 671 2920 καλ
692 2859 723 2920 τὸ
745 2861 848 2933 ἀληθῶς
888 2869 1034 2935 expetendae
1049 2869 1133 2921 [ασθαι.
1166 2874 1317 2937 Quapropter
1333 2875 1457 2940 proprium
1475 2876 1549 2928 enini
1565 2877 1670 2944 bonum,

69 2947 175 3030 φέρεται.
218 2948 269 3011 Διὸ
284 2947 314 3009 τὸ
323 2947 388 3008 ἴδιον
405 2948 503 3028 ἀγαθδν
519 2953 566 3022 τῆς
579 2952 678 3032 ψυχῆς,
694 2949 785 3032 ’Aper-i
799 2950 846 3011 λέ-
892 2960 995 3018 Virtute,
1010 2959 1091 3026 Ἀρετὴ
1102 2959 1194 3011 Grmcie
1202 2960 1300 3024 dicitur,
1311 2960 1383 3025 quasi
1392 2963 1485 3028 αῑρστὴ,
1498 2963 1564 3028 quod
1574 2967 1671 3030 propria

69 3063 150 3117 γεται,
164 3044 201 3111 ὡς
218 3039 311 3123 αίρετὴ
335 3029 400 3100 ούσα
417 3039 527 3122 κυρίως,
543 3039 589 3101 καὶ
608 3039 677 3101 κατδι
695 3040 744 3116 τὴν
767 3041 847 3112 ύντως
887 3047 1413 3112 eitexpetendu,etveraauimielecttonc
1423 3051 1529 3115 paretur.
1561 3054 1670 3106 siabru-

39 3127 160 3211 νοαίρεσιν
174 3129 385 3214 παραγινομένη.
426 3126 513 3192 “Occu
528 3127 556 3190 δὲ
569 3133 622 3200 τοῖς
637 3129 739 3212 ἀλόγοις
751 3131 846 3193 πάθεσι
887 3141 966 3188 torum
976 3137 1115 3189 adfectuum
1125 3137 1268 3202 cupiditates
1279 3141 1377 3190 necuim
1386 3137 1459 3192 fucrit
1468 3143 1669 3207 noaoeranimua,

68 3220 248 3302 συνορέγηται,
260 3218 306 3280 καὶ
319 3219 350 3280 τὸ
362 3217 466 3280 ἐκείνων
482 3221 575 3281 οἰκεῖον
586 3219 692 3301 νομίζῃ,
705 3219 764 3282 τότε
778 3223 844 3305 ψευ-
885 3229 910 3278 et
921 3226 946 3278 ld
953 3261 961 3288 ‚
974 3227 1038 3290 qued
1052 3227 1140 3277 horum
1149 3227 1202 3290 eet,
1218 3240 1291 3278 auum
1302 3225 1410 3289 duxerim
1423 3227 1512 3279 ideam
1523 3233 1581 3282 tunc
1594 3231 1669 3283 habet

67 3306 175 3390 δύνυμον
189 3309 249 3390 ἔχει
265 3307 435 3394 τὴναίρισιν.
477 3307 556 3372 Ἐπεὶ
574 3308 707 3370 καίτοῦτύ
721 3312 790 3372 ἐστιν
805 3312 845 3394 ἐφ’
885 3315 1015 3368 detectum.
1046 3317 1108 3368 Nam
1126 3315 1214 3367 etme
1220 3327 1301 3380 ραασσ
1314 3329 1360 3367 που
1369 3317 1540 3384 mancipem<
1551 3323 1576 3369 et
1585 3319 1668 3385 πρσαί·

66 3401 133 3478 ἡμῖν,
147 3405 164 3472 ἡ
178 3398 280 3482 αἵρεσις
299 3398 345 3458 καλ
363 3399 514 3481 προαίρεσις
527 3403 612 3478 ἡμῶν.
654 3399 689 3462 ‘H
706 3399 757 3481 γάρ
780 3399 844 3460 ύπύ-
884 3422 945 3472 pecte
954 3408 1051 3468 nocua,
1067 3403 1092 3455 id
1101 3407 1152 3468 ent,
1163 3403 1287 3468 delectus,
1298 3409 1323 3456 et
1336 3406 1508 3470 voluntasque
1520 3406 1586 3458 aliud
1598 3409 1667 3460 altari

65 3487 150 3569 ληψις,
169 3487 218 3550 καὶ
240 3487 327 3570 θρμὴ,
346 3488 392 3548 καὶ
412 3487 506 3570 ὄρεξις,
525 3486 570 3550 καλ
589 3487 716 3563 ἔκκλισις,
740 3491 775 3558 εἰς
795 3489 842 3564 τὴν
884 3493 1043 3558 praeterimus.
1075 3497 1136 3546 Nam
1144 3495 1664 3560 optatecareceptu‚tmpetera,ndpetitto,

36 3603 57 3644 ης
67 3575 157 3658 αἵρεσιν
179 3577 229 3639 καλ
249 3576 402 3661 προαίρεσιν
428 3577 616 3661 ἀναφέρονται,
643 3579 743 3640 ἔνδοθεν
766 3571 842 3640 ούσαι
884 3581 1040 3640 declinatio»
1055 3580 1537 3650 Ιθῖῡίΰθῑθίθωᾶθίθῦῑΰῐῦθθθίᾱίμσθ
1550 3586 1666 3650 elmi·

65 3673 142 3726 πᾶσαν
154 3673 203 3742 ιη”ς
222 3670 310 3748 ψυχῆς
331 3665 456 3743 κινήσεις,
471 3669 517 3729 καί
536 3669 584 3729 οὐκ
605 3667 696 3738 ἔξωθεν
719 3669 839 3749 ὠθισμοί.
883 3672 1180 3739 peecv)reseruntur;cum
1191 3671 1478 3722 omncseintaninnorum
1488 3676 1570 3724 moine
1581 3673 1665 3726 intrin-

65 3752 107 3814 dd
116 3756 160 3816 καὶ
168 3755 249 3839 κυρία
258 3755 357 3816 τούτων
369 3755 434 3818 ἐστί.
476 3755 531 3817 Καὶ
541 3754 670 3817 διάτοῦτο
681 3755 726 3816 καλ
736 3761 751 3817 θ
761 3757 841 3833 Θεὸς,
883 3761 1151 3825 eecuaprciicieceutea,
1161 3774 1210 3812 non
1220 3761 1327 3813 exterum
1337 3759 1503 3825 immletmea.
1520 3765 1599 3820 Quare
1608 3767 1666 3814 sunt

65 3841 104 3902 eat
118 3845 246 3926 οίνύμοι,
262 3844 372 3905 καὶτῶν
387 3845 532 3928 ἀνθρώπων
552 3849 576 3906 οἱ
592 3846 728 3930 ἔμφρονες,
743 3850 778 3915 εἰς
791 3846 841 3921 τὴν
883 3851 936 3901 haee
954 3850 978 3900 in
998 3850 1072 3901 animi
1090 3853 1215 3914 potestate.
1247 3853 1329 3914 Earpue
1347 3848 1378 3900 de
1396 3861 1481 3900 mussa
1499 3853 1525 3902 et
1541 3853 1624 3915 Deus,
1641 3856 1666 3902 et

65 3928 156 4014 αίρεσιν
168 3934 216 3994 καλ
229 3933 391 4017 προαίρεσιν,
404 3939 439 4002 ὡς
453 3935 492 4016 ἀφ’
507 3936 571 4013 ἡμῖν
584 3933 663 4015 ὄντα,
679 3935 841 3996 ἀποῦλέπον·
882 3940 959 4002 ledet,
971 3941 996 3990 0¹
1014 3938 1124 3990 hmines
1142 3937 1285 4002 θῐΰᾶθῦῑθθν
1302 3942 1398 4002 peecata
1415 3940 1532 4002 ¹0020q¹¹⁰
1549 3939 1613 3990 ίθθίθ
1630 3939 1665 3990 ίίθ

36 4029 56 4070 θ
66 4023 162 4100 τις,τᾶ
176 4047 206 4084 τε
222 4023 406 4105 ἁμαρτήματα
419 4023 465 4084 καί
483 4022 517 4083 τά
531 4025 724 4106 κατορθώματα
740 4026 841 4110 drappi-
882 4029 1037 4090 discernunt,
1047 4033 1076 4079 ut
1087 4027 1237 4080 veluntatem
1246 4028 1421 4092 musiliumque
1432 4032 1543 4078 nostrum
1555 4027 1663 4080 intuean-

65 4131 151 4186 νουσιν,
166 4112 227 4173 ἀλλ’
250 4115 297 4174 οὐκ
317 4115 352 4180 εἰς
371 4111 419 4181 τὰς
438 4113 544 4194 πράξεις
567 4113 662 4184 αύτοίς·
678 4113 717 4174 ὅτι
739 4117 786 4174 οὐκ
800 4116 839 4199 ἐφ’
882 4123 930 4182 tur,
940 4131 995 4183 qum
1006 4119 1097 4168 suntin
1107 4118 1465 4183 potestatenostra3nontpeaa
1478 4117 1664 4181 actionemque

65 4201 120 4274 ἡμῖν
140 4203 255 4281 ἐκεῖναι,
269 4202 314 4262 καὶ
332 4202 372 4262 ὅτι
390 4206 448 4271 ταῖς
463 4202 579 4284 αίρέσεσι
597 4203 643 4263 καὶ
656 4203 839 4286 προαιρέσεσιν
881 4208 995 4258 innostra
1005 4209 1124 4272 potestate
1138 4221 1188 4258 non
1200 4211 1270 4268 nunt,
1282 4205 1382 4256 neaniai
1398 4205 1563 4257 voluntatibus
1574 4205 1663 4258 nostrie

66 4287 253 4354 είδοποωῦνται.
296 4289 351 4352 Καὶ
364 4290 415 4374 γλρ
427 4291 503 4374 φόνος
516 4295 530 4350 ὁ
543 4290 590 4369 μὲν
604 4291 738 4367 ἀκούσιος,
751 4297 785 4361 ὡς
800 4293 837 4375 μὴ
880 4297 1042 4362 etpropositis
1055 4293 1380 4348 velbonaetiuntvelmalm.
1412 4297 1474 4346 Nam
1483 4293 1544 4346 cadi
1555 4294 1663 4346 involun-

65 4377 125 4437 κατὰ
138 4378 248 4462 αῖρεσιν,
260 4378 327 4458 μηδὲ
337 4378 408 4440 κατά
420 4381 450 4441 τὸ
461 4381 500 4464 ἐφ’
512 4383 578 4460 ἡμῖν
588 4380 634 4442 καί
646 4381 694 4455 τὴν
707 4382 837 4464 ἡμετέραν
880 4385 961 4450 turice,
979 4388 1007 4437 ut
1023 4399 1080 4451 quae
1097 4399 1144 4436 ncn
1156 4386 1266 4436 consulto
1281 4397 1360 4448 nequa
1370 4383 1487 4434 arbitratu
1499 4387 1583 4434 nostro
1600 4383 1663 4435 iacta

34 4469 54 4510 ιτ
65 4461 171 4533 ῑξωσία,
189 4466 342 4548 γενόμενος,
367 4468 587 4550 συγγινώσκεται·
611 4469 666 4530 ὅδὲ
689 4473 749 4532 κατ’
763 4472 837 4543 ἀξίαν
878 4477 924 4538 eit,
934 4475 1006 4526 venia
1021 4474 1110 4526 datur:
1126 4474 1235 4539 quivero
1250 4473 1399 4536 iuremcrito
1411 4472 1516 4537 aliquam
1533 4473 1662 4537 occiderit,

64 4553 102 4613 καί
122 4555 195 4632 δίκην
216 4555 340 4638 φονεύων,
364 4557 409 4618 καί
432 4561 585 4620 ἐπαινεῖται.
627 4560 720 4629 Ούτως
740 4565 789 4644 οὐχ
809 4566 837 4623 αἱ
878 4564 990 4616 1ουθοιυι
1005 4563 1088 4615 etiam.
1120 4565 1215 4614 Itanon
1229 4563 1288 4627 ipeaa
1296 4562 1403 4614 acuonea
1415 4575 1459 4627 per
1474 4561 1663 4616 aelaudcmaut

64 4641 157 4720 πράξεις
169 4648 196 4705 ἐν
208 4645 314 4714 ἑαυταῖς
327 4643 417 4726 έχουσι
427 4645 457 4705 τδ
472 4637 528 4719 ιύὴ
541 4651 642 4722 κακῶς,
656 4650 714 4709 ἀλλ’
726 4651 778 4711 ἀπδ
790 4657 837 4726 τῆς
877 4653 1078 4719 vituperationem
1089 4653 1193 4716 habentp
1204 4653 1246 4704 aad
1259 4653 1421 4704 excolunrate
1430 4652 1513 4704 nostra
1521 4655 1547 4704 et
1561 4654 1662 4705 coneilio

65 4729 176 4810 αἱρέσεως
189 4733 206 4808 ἣ
226 4733 403 4818 προαιρέσεως
415 4738 468 4794 τῶν
485 4735 524 4819 ἐφ’
542 4741 606 4816 ἡμῖν
625 4736 705 4798 ὄντων
724 4741 837 4800 εἰδοποι-
878 4748 976 4807 nostro,
986 4744 1109 4808 quaesunt
1124 4743 1240 4794 innostra
1249 4745 1385 4808 potestate,
1399 4741 1438 4794 eei
1451 4741 1520 4794 benaa
1532 4739 1610 4807 fiunt,
1621 4744 1659 4796 vel

63 4822 150 4884 ιιῧνται.
877 4833 955 4883 malm.

35 4928 54 4967 to
97 4910 188 4982 Καλῶς
199 4904 244 4973 ούν
258 4917 273 4973 ὁ
287 4911 446 4988 Ἐπίκτητος
457 4915 509 4976 ἀπὸ
522 4915 614 4977 τούτου
626 4915 674 4989 τὴν
690 4918 774 5001 ἀρχὴν
789 4923 836 4992 τῆς
906 4925 982 4974 Recta
993 4922 1065 4986 igitur
1071 4922 1196 4988 Epictetus
1205 4923 1236 4972 ab
1247 4922 1294 4974 hoc
1304 4923 1430 4973 exordium
1442 4934 1494 4973 aum
1502 4920 1660 4974 institutionis

63 5001 233 5082 παιδαγωγίας
253 5001 412 5077 ἐποιήσατο,
438 5004 484 5065 καλ
507 5004 571 5087 πρὸς
594 5013 670 5066 τοῦτο
698 5007 835 5090 ἀναφέρειν
876 5012 977 5074 sumsit,
992 5013 1072 5074 et‚ut
1088 5011 1324 5063 hucomnianoetra
1342 5011 1597 5075 consiiiareicmmua,
1609 5023 1659 5061 mo·

65 5086 141 5149 τάντα
153 5093 217 5171 ἡμῖν
238 5096 378 5172 παραινεῖ,
393 5095 428 5162 ὡς
447 5093 507 5152 κατ’
521 5091 585 5152 αὐτὸ
606 5093 651 5153 καί
670 5102 715 5155 τοῦ
735 5099 834 5174 ἀγαθοῦ
876 5105 973 5163 net,ut
987 5101 1070 5166 quiex
1086 5101 1132 5152 hoc
1143 5101 1183 5152 'vei
1193 5102 1285 5152 bonum
1301 5100 1459 5153 nostrumne}
1474 5099 1566 5150 maium
1575 5111 1659 5151 conee-

65 5177 158 5240 καὶτοῦ
172 5181 289 5242 ἐναντίου
309 5181 566 5261 μεταλαμῦάνουσιν.
607 5181 694 5244 Ὅταν
714 5181 742 5243 δὲ
756 5184 833 5265 λέγῃ,
875 5205 988 5256 quamue.
1021 5195 1084 5242 cum
1094 5205 1152 5242 vcro
1163 5191 1235 5254 dicit,
1248 5195 1296 5242 Rea
1305 5191 1376 5242 aliae
1386 5193 1415 5241 tn
1430 5191 1523 5240 nostra
1531 5189 1659 5252 peteme

65 5265 118 5326 'ite
129 5267 204 5329 ίντων
225 5267 260 5329 ei
272 5267 320 5348 μέν
334 5272 373 5354 ἐφ’
387 5272 450 5350 ἡμῖν
465 5275 537 5354 ἐστι,
553 5272 586 5332 τδι
598 5271 625 5334 δὲ
640 5275 687 5333 ούκ
701 5275 742 5356 ἐφ’
753 5278 831 5354 ἡμῖν·
876 5294 943 5340 εσσε,
961 5281 1032 5332 alter
1051 5293 1101 5332 non
1122 5293 1190 5338 essm·
1207 5293 1254 5330 ιιοιι
1271 5293 1350 5330 rerum
1371 5277 1479 5329 omniurn
1503 5273 1657 5342 partitionem
