3730 5776
70 471 199 548 ιιι-ιε.)
601 423 662 528 ἰιι
682 465 874 530 υιισιειιιιυ.
895 465 976 530 aar.
997 467 1078 532 vau.
1448 471 1571 551 (ιε-ο.)
1613 483 1651 540 ιο

67 601 129 681 ocio
141 600 256 662 ἐντεῦθεν
269 597 426 682 εἰργόμενοι·
440 595 528 680 ῶσπερ
543 597 589 659 καί
602 597 636 660 τά
655 598 748 659 παιδία
760 598 834 682 potius
874 607 1078 672 quemadmodum
1087 611 1111 660 et
1121 609 1189 674 pueri
1199 623 1214 660 a
1223 609 1295 661 rebus
1303 611 1382 662 noxiis
1391 611 1495 676 palmum
1504 614 1571 666 metu
1580 617 1654 668 retra·

67 707 106 762 ςηι
118 690 197 774 ἀρχήν
212 689 267 750 ἀπὸ
286 693 339 750 τῶν
355 689 489 770 βλαίίερῶν
506 687 718 749 ἀναστέλλονται·
734 688 779 749 καί
796 713 835 758 τις
875 697 975 761 liuntur,
992 701 1017 748 et
1028 711 1091 762 saepe
1108 699 1209 763 aliquis,
1221 699 1292 750 noxio
1302 700 1415 763 quopiam
1432 699 1486 751 cibo
1504 706 1548 753 aut
1558 704 1655 768 potione

68 775 211 862 θρηδίμενος
225 778 303 860 σιτίῳ
315 777 366 838 ravi
376 777 394 850 ἢ
405 781 477 859 ποτῷ
488 775 627 858 βλαθερῷ,
638 775 764 844 πολλάκις
775 775 834 836 ddi·
876 786 981 849 impense
996 785 1116 850 gaudeus,
1133 793 1261 852 postquam
1277 788 1398 839 doloribus
1410 788 1465 840 inde
1481 790 1588 842 adlectus
1604 797 1655 857 eet,

66 895 103 942 γης
115 866 157 928 ἀπ’
174 869 261 926 αὐτῶν
274 864 449 948 πειρώμενος,
464 865 509 926 καλ
523 864 607 937 λύττης
620 867 748 948 σφοδρᾶς,
761 863 835 947 ρίθῳ
875 889 967 937 magnae
977 876 1092 926 molestiae
1108 876 1164 939 luga
1178 881 1203 928 et
1219 881 1285 928 metu
1300 878 1330 927 iis
1348 877 1460 928 abstinet.
1493 880 1589 930 Etenim
1601 883 1656 946 quia

47 955 144 1034 ιτοῶμή
156 953 255 1023 τοιίτοις
262 964 411 1037 περιπεσεῖν
420 954 547 1036 ἀπέχεται
555 957 650 1015 αὐτῶν.
693 953 787 1014 Καίτοι
798 953 836 1021 τίς
876 963 947 1013 rebus
955 964 1066 1026 jucundis
1074 965 1123 1015 siue
1134 965 1243 1016 molestia
1251 966 1388 1030 perfruens,
1398 967 1510 1030 quamvls
1521 969 1613 1032 noxiis,
1625 983 1656 1022 ex

67 1044 92 1108 iv
105 1042 208 1112 ἀλύπως
218 1051 273 1112 τοῖς
286 1042 361 1116 ήδέσι
376 1043 523 1128 χρώμενος,
541 1041 590 1104 κάν
604 1041 722 1124 βλαὸερθ
733 1041 835 1123 τυγχοί-
876 1052 955 1102 animo
966 1052 997 1102 ab
1009 1053 1038 1103 iis
1049 1054 1191 1106 abhorreat?
1208 1058 1238 1105 Et
1249 1060 1286 1105 est
1294 1055 1393 1119 quidem
1405 1056 1451 1108 istu
1462 1057 1617 1122 voluptatum
1629 1059 1657 1110 tl·

66 1157 92 1214 ιη
104 1133 192 1212 ὄντως,
206 1133 395 1216 ἀποστρέψειεν
411 1131 442 1192 διν
464 1133 509 1192 ἀπ’
522 1134 622 1206 adarim
640 1131 695 1192 Καὶ
713 1129 769 1190 ἔστι
788 1129 836 1210 μέν
877 1141 1038 1192 moredoloris
1052 1143 1147 1206 majoris
1158 1143 1314 1207 abstinentia,
1323 1158 1372 1196 non
1386 1150 1435 1196 mm
1449 1144 1572 1209 liberatio,
1583 1161 1658 1211 quam

65 1229 145 1302 τοῦτο,
154 1221 184 1282 τὸ
197 1225 252 1282 τῶν
262 1219 346 1294 ἡδέων
358 1221 503 1301 ἀπέχεσθαι
517 1218 560 1280 διὰ
572 1219 651 1304 ρίθον
665 1224 712 1292 τῆς
722 1219 837 1299 μείζονος
877 1233 1019 1294 permutatio
1030 1233 1111 1296 potius
1122 1233 1234 1297 quaedam
1242 1234 1383 1285 adfectuum
1394 1250 1400 1286 :
1413 1235 1478 1299 (nam
1488 1237 1607 1288 suauitate
1616 1250 1658 1303 ea,

65 1310 152 1386 λύπης,
173 1313 221 1371 οὐκ
236 1308 380 1389 ἀπαλλαγή
396 1309 506 1382 πίθους,
522 1311 579 1368 ἀλλ’
595 1306 745 1388 ἀνταλλαγή
764 1310 836 1388 μᾶλ-
877 1333 931 1384 qum
942 1321 966 1370 iu
978 1322 1097 1372 vacuitate
1108 1335 1122 1372 a
1133 1323 1249 1374 molestiis
1261 1323 1337 1387 inest,
1349 1325 1515 1388 permutamus
1525 1324 1591 1376 illam
1600 1339 1658 1390 quae

37 1423 55 1463 to
64 1399 110 1460 λον·
121 1397 162 1478 (τὸ
170 1397 221 1480 γθρ
232 1397 284 1470 ἡδὺ
294 1402 340 1470 τ“η’ς
348 1396 459 1465 ἀλυπίας
467 1395 650 1476 ἀλλαττόμεθα
657 1403 703 1457 τοῦ
711 1401 758 1470 τῆς
770 1399 837 1456 ἀπο-
876 1408 939 1459 inest
956 1409 981 1458 in
997 1408 1122 1473 truendo:)
1136 1413 1161 1460 et
1176 1409 1249 1460 unius
1259 1409 1368 1462 adiectus
1384 1408 1416 1462 ud
1432 1411 1534 1462 alterum
1543 1415 1657 1466 accessio.

64 1489 169 1556 λαθσεως
180 1487 274 1566 ἡδέος)
286 1485 404 1566 μετθτοῧ
414 1486 459 1547 καλ
468 1485 836 1568 ἅλλοπᾶθοςπροσλαμθᾶνειν
877 1498 981 1564 Expedit
991 1502 1071 1548 sutem
1083 1500 1129 1550 buc
1140 1497 1208 1550 initio
1217 1497 1300 1560 nubta,
1309 1498 1341 1549 ob
1350 1501 1453 1564 pueriles
1464 1505 1488 1551 et
1499 1503 1587 1554 stultos
1595 1502 1659 1555 adle-

65 1575 181 1644 τθπίθος.
203 1574 284 1648 Πλὴν
294 1575 493 1635 συντελεῒτοῦτο
502 1573 551 1648 τήν
559 1573 642 1656 ἀρχὴν
651 1575 837 1642 τοῖςπαιδικῶς
877 1587 1659 1656 ειυειιυεέτυε,υιεαευεροσίεθεθοαιυυεοθίανίεε,ηυι“υιιειε-

65 1671 119 1744 ήμῑν
128 1665 171 1726 καλ
184 1665 301 1738 ἀνοήτως
310 1663 493 1744 διακειμένοις,
502 1665 538 1730 είς
547 1661 577 1722 τὸ
589 1662 762 1736 διαάληθῆναι
773 1661 837 1744 πρὸς
877 1675 1001 1726 bomenter
1009 1675 1084 1727 dediti
1096 1677 1186 1727 luimus
1197 1691 1204 1726 ε
1215 1675 1301 1728 deinde
1309 1689 1380 1739 vcro,
1390 1679 1501 1728 naturam
1510 1692 1594 1730 eorum
1603 1689 1659 1731 con·

65 1761 136 1815 ταῦτα
144 1747 182 1823 οἷς
190 1757 309 1839 σφοδρῶς
319 1752 546 1835 συμπεπένθαμεν·
568 1751 614 1812 καλ
624 1750 682 1811 τότε
688 1750 778 1812 λοιπὸν
788 1751 836 1824 τήν
878 1761 1009 1814 siderautes
1016 1800 1025 1826 ,
1038 1763 1257 1829 intelligentesque,
1269 1766 1430 1830 praeterquam
1442 1767 1508 1831 quod
1518 1768 1591 1818 nouis
1601 1768 1660 1833 alut,

37 1843 165 1925 ιιπρίσιν
174 1843 276 1903 τούτοιν
283 1842 537 1923 καταμανθάνοντες,
547 1841 588 1900 ὅτι
597 1839 660 1921 πρὸς
668 1843 706 1922 τῷ
715 1840 837 1922 βλαθερῷ
877 1852 956 1902 mutto
969 1851 1042 1902 edam
1057 1853 1111 1916 ptus
1128 1851 1159 1902 iis
1169 1852 1253 1904 adesse
1271 1852 1366 1904 molesti
1378 1867 1451 1919 quam
1466 1854 1581 1918 jucundi,
1593 1859 1619 1908 et
1636 1859 1659 1909 in

65 1931 139 1992 καὶτθ
151 1931 269 2012 λυπηρὸν
280 1929 383 2012 έχουσιν
396 1936 442 1990 τοῦ
453 1927 528 2002 ήδέας
538 1931 618 1988 πλέον
629 1926 675 1988 καλ
684 1927 837 1989 πολλαπλοί·
877 1940 996 2006 nosipsos
1007 1940 1193 2004 descendentes,
1203 1947 1227 1993 et
1238 1941 1328 1992 bonum
1339 1941 1364 1991 in
1374 1941 1512 2009 nobisipsis
1522 1945 1597 1995 situm
1605 1957 1660 1998 esse

65 2045 119 2096 ουν,
126 2021 169 2082 καλ
174 2023 211 2089 εἰς
217 2017 326 2087 έαυτοθς
334 2017 540 2102 ἐπιστρέφοντες,
546 2017 623 2078 καὶέν
632 2018 836 2098 έαυτοῖςτθάγα-
878 2029 1093 2094 deprehendentes,
1102 2043 1150 2080 uun
1161 2031 1243 2080 autem
1252 2031 1276 2080 in
1288 2043 1399 2094 corpore,
1408 2035 1451 2082 aut
1459 2032 1532 2084 rebus
1542 2034 1659 2098 extemis,

65 2109 101 2171 θθν
113 2109 273 2191 εὑρίσκοντες
281 2107 322 2188 ἀν,
332 2108 379 2169 καὶ
387 2110 435 2169 οὐκ
448 2111 475 2168 ἐν
485 2105 590 2186 σώματι
599 2104 616 2178 ἣ
625 2107 678 2175 τοῖς
690 2105 778 2185 ἐκτὸς,
791 2106 837 2167 καὶ
877 2118 1029 2182 atqueettem
1039 2117 1299 2183 similitudinemque
1308 2117 1486 2170 nobiscstcum
1495 2124 1559 2186 Deo,
1569 2122 1660 2189 aliqua·

66 2197 105 2276 μέν
117 2223 142 2260 τι
151 2197 197 2259 καλ
208 2203 257 2272 τῆς
271 2197 337 2280 πρθς
350 2196 380 2258 τθ
398 2199 525 2280 Κρεῖττον
536 2198 613 2274 ήμῶν
627 2193 779 2274 θμοιέτητος
792 2197 837 2254 ui·
878 2210 949 2256 tenum
969 2206 1115 2269 sentientes,
1129 2219 1230 2270 eamque
1248 2207 1392 2258 honorantes
1400 2223 1408 2270 ς
1421 2207 1473 2271 iana
1491 2223 1539 2261 nun
1554 2210 1659 2277 amplius

35 2287 279 2366 εοεθανίμενοι,καλ
291 2285 390 2360 ταύτην
402 2289 528 2364 τιμῶντες
541 2329 551 2362 ,
564 2285 611 2344 οὐκ
623 2283 662 2344 tet
673 2283 763 2366 φόὸιρ,
777 2285 835 2346 ἀλλ’
879 2293 1014 2357 metu,aed
1026 2294 1125 2346 scienda
1136 2298 1161 2344 et
1171 2294 1361 2357 uirtute,uitana
1372 2297 1466 2348 naturus
1476 2303 1660 2352 mesentaneam
1739 2343 1743 2350 .

65 2377 188 2456 ἐπιστήμη
202 2377 248 2437 καί
260 2380 340 2458 ἀρετῇ
370 2375 415 2434 τὸν
430 2372 588 2456 κατὰφύσιν
612 2373 666 2454 βίον
682 2371 835 2454 αἱροίμεθα.
877 2381 1050 2447 amplectimur.
1082 2383 1661 2449 itametpueri,quepriuaobmetumdecllna·

65 2466 112 2528 Kal
125 2445 180 2578 γὰρ’
189 2465 237 2526 καλ
248 2463 283 2525 τὰ
295 2463 403 2538 παιδία,
419 2462 487 2544 ἅπερ
508 2461 636 2532 ἐξέκλιναν
650 2463 776 2544 πρότερον
790 2461 836 2523 κοιλ
877 2470 1210 2536 bautautprosequebantur,
1219 2471 1303 2523 eadem
1312 2485 1439 2538 pmgressu
1449 2475 1578 2540 temporis,
1590 2480 1661 2527 aucta

65 2557 208 2628 έπετηδευον
224 2552 269 2614 διὰ
281 2552 372 2636 μόθον,
384 2559 468 2613 ταῦτα
484 2551 591 2634 ὕστερον
604 2546 767 2634 ιρρενυιθέντα
778 2554 837 2612 λοι-
878 2557 1016 2624 prudentia,
1027 2559 1092 2611 ultro
1102 2559 1202 2612 iaciunt.

64 2643 106 2702 πίον
119 2641 261 2725 αἱροίμενα
272 2640 426 2724 πρέπουσι.

34 2749 53 2790 u
99 2729 151 2792 Kal
169 2723 244 2800 οὗτος
261 2729 359 2798 σκοπὸς
376 2733 414 2811 τῷ
429 2727 609 2810 ἐπιμελομένῳ
622 2732 698 2808 ήμῶν
717 2733 786 2810 θεῷ,
806 2727 837 2788 τὸ
908 2739 938 2787 m
947 2735 1011 2786 bunc
1020 2748 1119 2800 scopum
1128 2735 1278 2800 propositum
1292 2735 1366 2790 habet
1379 2743 1473 2790 curator
1486 2742 1660 2806 nosterileua,

65 2819 124 2896 μήτε
140 2817 346 2902 προστετηκέναι
365 2816 412 2891 τήν
430 2815 538 2898 λογικήν
553 2815 640 2899 ψυχήν
660 2820 698 2900 τῷ
717 2814 836 2897 σώματι,
877 2825 905 2876 ut
916 2825 1014 2876 rationis
1025 2824 1144 2888 particeps
1153 2823 1249 2876 animus
1258 2839 1337 2890 neque
1349 2826 1498 2880 adbmrescat
1507 2829 1605 2894 corpori
1619 2831 1660 2883 ad·

64 2905 103 2966 καλ
113 2917 165 2977 τοῖς
183 2907 264 2976 ἐκτός·
286 2907 354 2988 μήτε
371 2907 461 2990 ρόθιρ,
477 2905 536 2966 ἀλλ’
554 2904 720 2986 αἱρουμένην,
739 2903 836 2986 ἀπίχε-
877 2913 941 2964 tirus
953 2918 977 2964 et
988 2912 1061 2964 rebus
1069 2913 1189 2976 externis,
1201 2926 1279 2978 neque
1286 2913 1326 2965 bis
1333 2916 1661 2982 matu,sedjudicio,abstl·

65 3001 118 3055 σθαι
135 2999 228 3058 αὐτῶν·
250 2999 285 3064 ὡς
299 2999 325 3056 έν
339 3000 373 3077 τῇ
388 2995 486 3079 αἱρέσει
497 2995 542 3054 κοιλ
555 2999 588 3074 τῇ
603 2993 718 3054 έκκλίσει
730 2993 776 3053 καί
790 2999 836 3053 τοῦ
877 3004 932 3054 neat
949 3001 1162 3066 :quandoquidem
1182 3006 1207 3054 ct
1226 3001 1316 3054 bonum
1333 3007 1457 3066 nostrum,
1474 3012 1499 3057 et
1515 3006 1620 3072 malum,
1636 3009 1660 3059 in

66 3087 153 3164 ἀγαθοῦ
165 3089 240 3164 ἡμῶν
252 3085 298 3145 καὶ
313 3090 359 3144 τοῦ
370 3089 453 3145 κακοῦ
468 3081 603 3162 κειμένων.
645 3083 700 3144 Καὶ
713 3085 837 3151 streete
877 3090 1022 3156 adpetitione
1030 3094 1055 3141 et
1070 3090 1229 3141 declinatione
1242 3091 1317 3142 situm
1335 3097 1381 3144 est.
1413 3093 1487 3145 atad
1504 3093 1569 3144 huuc
1586 3095 1660 3148 tinem

34 3172 91 3232 ιοτθ
102 3173 172 3241 τέλος
184 3179 201 3246 ή
214 3172 316 3255 ἰατρεία
327 3177 374 3246 τῆς
384 3171 514 3255 Προνοίας
525 3169 672 3249 ἐπείγεται,
686 3173 722 3237 είς
734 3169 765 3229 τθ
776 3173 838 3228 irru-
877 3179 996 3230 medicina
1011 3179 1173 3229 Providentiae
1189 3175 1326 3240 contendit,
1342 3183 1370 3228 ut
1390 3177 1490 3230 reducat
1502 3179 1610 3231 animum
1630 3179 1661 3232 ud

65 3267 177 3342 ναγαγεῖν
188 3262 236 3335 τήν
250 3261 339 3344 ψυχήν
358 3263 393 3330 είς
410 3259 509 3343 αἵρεσιν
528 3265 573 3319 τοῦ
589 3257 659 3318 κατὰ
676 3257 753 3340 φύσιν
769 3257 836 3339 βίου·
877 3266 1246 3332 ampiectendamuitamnaturae
1253 3267 1660 3331 censentanmm:quemadmodum

65 3349 146 3434 ῶσπερ
160 3351 205 3413 καί
219 3355 244 3412 οἱ
259 3352 361 3433 ἄριστοι
373 3354 426 3410 τῶν
442 3352 539 3432 λοετρῶν
553 3346 596 3408 διὰ
611 3351 699 3426 τομῶν
713 3347 758 3408 καθ
772 3346 838 3408 καίν-
877 3357 950 3408 etiam
964 3357 1071 3421 optimus
1079 3357 1181 3420 quisque
1192 3355 1302 3406 medicus
1313 3354 1459 3406 sectionibus
1469 3357 1494 3407 et
1509 3357 1660 3423 ustionibus,

66 3463 134 3516 σευν,
141 3441 185 3501 καλ
193 3445 245 3502 τῶν
255 3438 388 3514 τοιούτων,
397 3437 444 3511 τήν
451 3436 521 3499 κατά
529 3435 605 3520 φύσιν
613 3434 665 3506 έξιν
674 3441 837 3516 περιποιοῦσι
876 3443 978 3514 aliisque
987 3441 1012 3492 id
1023 3455 1099 3506 genus
1110 3441 1239 3504 remediis,
1250 3444 1384 3494 naturalem
1395 3443 1505 3495 habitum
1516 3446 1660 3510 corporibus

65 3534 111 3598 ταῖς
120 3528 247 3608 σώμασιν,
258 3527 326 3589 ῶστε
337 3529 384 3596 τάς
399 3526 468 3587 κατὰ
482 3523 558 3608 φύσιν
573 3523 703 3607 ἐνεργείας
715 3522 837 3583 ἀποδιδί-
877 3531 997 3593 restituit,
1010 3533 1037 3581 ut
1048 3529 1197 3580 naturalibus
1211 3530 1345 3581 actionibus
1358 3529 1424 3594 iungi
1440 3532 1537 3595 queant.
1571 3535 1661 3596 Estque

36 3628 113 3680 beat.
151 3619 204 3680 Καὶ
224 3617 295 3678 έστιν
310 3614 414 3698 ἰατρική
436 3619 483 3688 τῆς
504 3612 644 3695 πονηρίας,
665 3617 682 3685 ἡ
701 3611 770 3684 δίκη·
792 3612 837 3672 καλ
878 3601 937 3670 adeo
950 3618 1069 3670 medicina
1083 3617 1469 3682 impmbitatis,poene:etliunc
1482 3632 1554 3670 muna
1571 3619 1661 3672 babent

66 3705 153 3780 ταύτην
168 3707 224 3788 ἔχει
237 3705 286 3779 τήν
298 3703 390 3787 χρείαν
406 3702 440 3763 τά
453 3702 513 3784 περλ
528 3707 601 3781 ἡμᾶς
614 3705 699 3760 ταῦτα
712 3701 837 3760 δοκοῦντα
878 3709 939 3770 haec,
948 3721 1003 3773 quse
1012 3707 1074 3758 mma
1084 3707 1154 3757 nobis
1165 3707 1217 3772 pari
1227 3706 1319 3758 ratione
1330 3706 1406 3757 videri
1417 3707 1508 3770 solent,
1518 3721 1547 3758 ac
1559 3707 1661 3758 medicis

67 3793 140 3869 acad,
153 3776 241 3878 ὥσπερ
255 3793 302 3854 καλ
315 3797 411 3876 ἰατροῖς
426 3789 639 3873 δυσχεραίνομεν,
655 3791 678 3848 εί
692 3787 837 3869 παρέχουσι
878 3809 1063 3857 succensemus,
1075 3795 1183 3845 ustiones
1194 3799 1219 3844 et
1229 3794 1348 3845 sectitmes
1355 3798 1381 3845 et
1395 3794 1496 3845 molesta
1505 3795 1611 3845 remedia
1619 3795 1660 3846 ud·

67 3882 138 3960 τομλις
150 3885 194 3945 καλ
211 3883 332 3955 καύσεις,
349 3881 395 3942 καί
413 3879 446 3939 τθι
462 3876 558 3962 ἀνιαρὰ
575 3881 627 3937 τῶν
648 3875 834 3958 βοηθημάτων.
878 3884 1025 3934 bibentibus.
1058 3883 1240 3944 Quarenonuisi
1249 3881 1336 3948 puerili
1349 3882 1479 3946 ingenioet
1489 3881 1569 3933 stolidi
1585 3883 1660 3934 homi·

68 3969 155 4031 Διθκαλ
165 3968 535 4055 πρθςταῦταδυσχεραίνουσιν
548 3969 571 4026 σί
581 3963 698 4025 παιδικολ
708 3964 753 4023 καὶ
763 3963 838 4038 ἀνόη-
877 3973 1124 4036 neslrissucceusent3
1133 3971 1272 4038 utquisquis
1282 3971 1435 4035 ea,quuesibi
1446 3976 1470 4022 et
1478 3969 1531 4022 aliis
1540 3971 1660 4036 amidam,

38 4076 58 4116 to
68 4083 111 4120 τοι.
125 4062 176 4122 Καὶ
184 4060 255 4128 ὅστις
263 4068 387 4141 πειρᾶται
397 4061 450 4124 τοῖς
457 4055 644 4135 συμθαίνουσιν
653 4057 738 4134 ἐαυτῷ
749 4076 838 4134 παρα·
878 4063 1001 4126 diligenter
1016 4060 1194 4122 observaverit,
1210 4065 1285 4124 atque
1300 4059 1445 4110 adiectiones
1460 4060 1595 4111 animorum
1611 4061 1660 4111 ani·

68 4150 185 4210 κολουθεῖν
194 4149 241 4211 καί
253 4153 306 4216 τοῖς
320 4149 420 4221 ἄλλοις,
430 4146 474 4207 καλ
483 4143 531 4214 τέις
543 4141 681 4225 γινομένας
691 4147 738 4214 τῆς
750 4145 836 4224 ψυχῆς
878 4151 1046 4214 madverterit;
1056 4151 1077 4200 is
1089 4150 1156 4201 iactle
1165 4149 1279 4201 nimirum
1290 4148 1417 4211 intelliget,
1427 4149 1528 4198 molesta
1536 4147 1583 4199 ista
1593 4149 1659 4200 relut

70 4237 181 4308 διαθέσεις
201 4240 362 4310 ἐπισκοπῶν,
382 4233 539 4314 ὁμολογήσει
560 4231 670 4316 ῥαδίως,
693 4221 783 4310 οἶμαι,
804 4230 838 4290 ab
878 4253 960 4291 ausum
977 4239 1084 4304 praebere
1099 4240 1180 4290 animo
1193 4236 1224 4287 ad
1236 4236 1341 4301 corporis
1352 4241 1377 4287 et
1394 4249 1476 4288 rerum
1492 4239 1660 4301 externarum,

69 4326 169 4410 δυσχερῆ
181 4333 265 4388 ταῦτα
279 4325 327 4404 μέν
339 4322 423 4406 ἀρχὴν
442 4322 567 4404 παρέχειν
578 4325 611 4402 τῇ
623 4323 696 4402 ψυχῇ
712 4317 777 4400 πρὸς
788 4316 836 4390 τήν
878 4335 927 4390 ευι,
936 4331 964 4378 ut
971 4329 1073 4392 Epicteti
1084 4327 1159 4378 nostri
1171 4339 1236 4378 inore
1244 4326 1382 4390 loquamur,
1390 4325 1568 4391 eorumquaein
1576 4333 1660 4378 nostra

69 4419 108 4474 τοῦ
122 4415 238 4494 σώματος
255 4414 301 4476 καί
319 4417 370 4474 τῶν
385 4410 471 4484 ἐκτὸς,
487 4409 548 4484 καί,
562 4412 597 4476 ὡς
617 4405 647 4468 δν
661 4411 675 4466 ὁ
688 4405 838 4486 θαυμαστὸς
877 4418 994 4482 potestate
1003 4417 1050 4468 sita
1058 4429 1105 4466 non
1117 4415 1392 4478 suut,euntemtiunem.

39 4515 58 4554 ⁴⁵
70 4502 142 4576 εἴποι,
153 4510 202 4566 τῶν
217 4507 264 4566 οὐκ
274 4504 313 4587 ἐφ’
328 4506 392 4582 ἡμῖν
406 4497 609 4582 καταφρόνησιν.

102 4589 203 4676 Ὥσπερ
216 4593 269 4665 dii]
280 4595 333 4652 τῶν
348 4587 478 4668 σωμάτων
489 4583 593 4668 tarpei
617 4583 647 4643 τὸ
663 4580 710 4661 μέν
721 4607 747 4641 τί
758 4581 837 4664 ps'poe
909 4608 1115 4672 Quemadmodum
1131 4612 1213 4659 autem
1228 4618 1354 4671 corporum
1371 4603 1490 4658 medicina
1505 4603 1595 4670 duplex
1606 4609 1658 4669 cat,

70 4679 120 4760 ίχει
131 4680 320 4765 θεραπευτικὸν,
334 4678 368 4738 ad
379 4683 503 4738 νοσοῦντα
515 4673 626 4754 σιίιματα
641 4670 684 4732 διθ
697 4674 750 4730 τῶν
762 4673 835 4730 ἐναν·
877 4712 947 4776 cuins
963 4724 1010 4762 um
1018 4723 1075 4775 pm
1086 4681 1187 4774 consor„
1198 4708 1288 4771 mu
1299 4707 1368 4759 oum
1376 4709 1402 4758 et
1411 4719 1454 4771 W
1463 4707 1580 4758 mmm
1589 4705 1660 4756 mm,

69 4767 125 4828 τίων
137 4770 362 4884 ,ἐπανορθοήμενοψ
374 4765 404 4827 τὸ
425 4765 470 4845 δὲ’
488 4764 606 4876 ὓίιεινὸν’
625 4760 711 4838 διαίτῃ
728 4759 774 4819 καὶ
790 4783 837 4870 ἶν’
877 4809 923 4873 git;
934 4809 1009 4859 altera
1020 4808 1101 4858 uictus
1112 4807 1204 4857 ratione
1214 4809 1239 4858 et
1250 4804 1461 4857 exercitationibus
1470 4805 1596 4856 muitatem
1608 4808 1659 4856 tue·

40 4849 837 5028 ωΐέζέΐτῗΕἶᾷαᾙρῇὶξζζρᾞζῖξίἰίᾜὲζζΐ3ἶέ
876 4899 1660 4970 tur,confirmat,auget3suntquenonaullaeerercitattonesvaide

72 5043 174 5108 vom<
187 5036 311 5121 ἄνδρεροις
329 5035 375 5096 καὶ
392 5030 537 5106 dumosam
557 5027 666 5112 φορητά,
681 5027 750 5088 οὕτω
764 5026 836 5087 καὶὸ
877 5001 999 5053 lahoriosae
1005 4999 1183 5063 ,neonislviris
1190 4999 1291 5051 tontibus
1299 5002 1324 5049 et
1332 4997 1497 5049 constantibus
1506 4993 1657 5046 tolerabiles:

72 5127 209 5210 ήημχῶ,
220 5125 313 5209 βωμὸς
331 5126 360 5183 ,η
371 5121 447 5202 mum
456 5117 635 5188 ,gmggm
646 5115 782 5198 ggpmgfl,
793 5115 836 5176 ηρ,
876 5101 912 5154 sic
927 5105 951 5154 et
966 5100 1100 5151 animorum
1109 5099 1236 5150 auxiliator
1256 5111 1305 5149 non
1314 5101 1456 5160 egrotantes
1469 5097 1564 5146 tantum
1577 5099 1657 5158 curat,

73 5217 117 5275 τῶν
129 5221 153 5278 ἐν
165 5221 202 5300 τῷ
217 5216 266 5298 βίῳ
282 5217 424 5294 δυο-χερῶν,
439 5208 508 5272 ἀλλὰ
522 5207 567 5269 καὶ
583 5205 630 5276 τὰς
642 5207 720 5286 ὑμεῖς
733 5204 835 5286 γυμνά.
875 5200 990 5252 immissis
1001 5199 1074 5250 uariis
1091 5197 1148 5249 vitae
1159 5195 1355 5258 difficultatibus,
1372 5193 1415 5246 sed
1430 5197 1455 5243 et
1465 5204 1536 5243 sanos
1548 5195 1644 5300 exercet
1648 5227 1656 5254 ,

73 5305 117 5380 ζει,
129 5306 170 5366 aut
187 5301 359 5384 ὑγιεινοτέρας
373 5300 418 5360 καὶ
435 5295 613 5381 ἀνδρειοτέρας
628 5303 711 5370 ποιεῖ,
728 5293 774 5354 καὶ
786 5291 834 5366 τήν
876 5313 904 5350 ac
917 5297 1023 5349 seniores
1034 5299 1059 5346 et
1069 5295 1178 5346 tortiores
1189 5293 1259 5353 iacit,
1269 5303 1400 5355 eorumque
1411 5290 1527 5340 uirtutem
1537 5287 1568 5339 ad
1580 5287 1654 5339 imita·
