<?xml version="1.0" encoding="UTF-8"?>
<!DOCTYPE html PUBLIC "-//W3C//DTD XHTML 1.0 Transitional//EN"
    "http://www.w3.org/TR/xhtml1/DTD/xhtml1-transitional.dtd">
<html xmlns="http://www.w3.org/1999/xhtml" xml:lang="en" lang="en">
 <head>
  <title>
</title>
<meta http-equiv="Content-Type" content="text/html;charset=utf-8" />
  <meta name='ocr-system' content='tesseract 3.04.00' />
  <meta name='ocr-capabilities' content='ocr_page ocr_carea ocr_par ocr_line ocrx_word'/>
</head>
<body>
  <div class='ocr_page' id='page_1' title='image "./theophrastichar01maxigoog_0067.png"; bbox 0 0 3814 5792; ppageno 0'>
   <div class='ocr_carea' id='block_1_1' title="bbox 173 378 1325 460">
    <p class='ocr_par' dir='ltr' id='par_1_1' title="bbox 173 378 1325 460">
     <span class='ocr_line' id='line_1_1' title="bbox 173 378 1325 460; baseline -0.016 -3"><span class='ocrx_word' id='word_1_1' title='bbox 173 405 209 457; x_wconf 81' lang='lat' dir='ltr'><strong>m</strong></span> <span class='ocrx_word' id='word_1_2' title='bbox 623 386 808 450; x_wconf 71' lang='lat' dir='ltr'><strong>norror</strong></span> <span class='ocrx_word' id='word_1_3' title='bbox 834 381 1099 448; x_wconf 77' lang='lat' dir='ltr'><strong>nuruuruor</strong></span> <span class='ocrx_word' id='word_1_4' title='bbox 1116 402 1150 454; x_wconf 74' lang='grc' dir='ltr'><strong>ς,</strong></span> <span class='ocrx_word' id='word_1_5' title='bbox 1175 378 1325 460; x_wconf 74' lang='grc' dir='ltr'><strong>ιε’-μ’.</strong></span> 
     </span>
    </p>
   </div>
   <div class='ocr_carea' id='block_1_2' title="bbox 172 516 1789 603">
    <p class='ocr_par' dir='ltr' id='par_1_2' title="bbox 172 516 1789 603">
     <span class='ocr_line' id='line_1_2' title="bbox 172 516 1789 603; baseline -0.009 -17"><span class='ocrx_word' id='word_1_6' title='bbox 172 524 240 594; x_wconf 70' lang='lat' dir='ltr'><strong>odel:</strong></span> <span class='ocrx_word' id='word_1_7' title='bbox 257 523 338 585; x_wconf 84' lang='grc' dir='ltr'><strong>πάλιν</strong></span> <span class='ocrx_word' id='word_1_8' title='bbox 357 521 403 583; x_wconf 82' lang='grc' dir='ltr'><strong>καλ</strong></span> <span class='ocrx_word' id='word_1_9' title='bbox 423 519 559 596; x_wconf 67' lang='grc' dir='ltr'><strong>ἐννοήσας,</strong></span> <span class='ocrx_word' id='word_1_10' title='bbox 576 519 615 579; x_wconf 82' lang='grc' dir='ltr'><strong>ότι</strong></span> <span class='ocrx_word' id='word_1_11' title='bbox 633 519 726 603; x_wconf 86' lang='grc' dir='ltr'><strong>όνειροί</strong></span> <span class='ocrx_word' id='word_1_12' title='bbox 745 543 787 579; x_wconf 88' lang='grc' dir='ltr'><strong>σοι</strong></span> <span class='ocrx_word' id='word_1_13' title='bbox 806 516 951 598; x_wconf 81' lang='grc' dir='ltr'><strong>ἠνώχλουν,</strong></span> <span class='ocrx_word' id='word_1_14' title='bbox 994 534 1097 574; x_wconf 84' lang='lat' dir='ltr'><strong>excusso</strong></span> <span class='ocrx_word' id='word_1_15' title='bbox 1108 535 1183 585; x_wconf 89' lang='lat' dir='ltr'><strong>quum</strong></span> <span class='ocrx_word' id='word_1_16' title='bbox 1199 521 1355 582; x_wconf 81' lang='lat' dir='ltr'><strong>intellexeris,</strong></span> <span class='ocrx_word' id='word_1_17' title='bbox 1370 522 1463 572; x_wconf 88' lang='lat' dir='ltr'><strong>somnia</strong></span> <span class='ocrx_word' id='word_1_18' title='bbox 1477 521 1565 584; x_wconf 82' lang='lat' dir='ltr'><strong>luisse,</strong></span> <span class='ocrx_word' id='word_1_19' title='bbox 1577 538 1631 588; x_wconf 87' lang='lat' dir='ltr'><strong>quae</strong></span> <span class='ocrx_word' id='word_1_20' title='bbox 1645 524 1669 576; x_wconf 89' lang='lat' dir='ltr'><strong>te</strong></span> <span class='ocrx_word' id='word_1_21' title='bbox 1683 531 1789 590; x_wconf 79' lang='lat' dir='ltr'><strong>pertur-</strong></span> 
     </span>
    </p>
   </div>
   <div class='ocr_carea' id='block_1_3' title="bbox 170 584 1789 698">
    <p class='ocr_par' dir='ltr' id='par_1_3' title="bbox 170 584 1789 698">
     <span class='ocr_line' id='line_1_3' title="bbox 170 584 1789 698; baseline -0.02 -22"><span class='ocrx_word' id='word_1_22' title='bbox 170 614 250 676; x_wconf 86' lang='grc' dir='ltr'><strong>πάλιν</strong></span> <span class='ocrx_word' id='word_1_23' title='bbox 266 611 410 696; x_wconf 80' lang='grc' dir='ltr'><strong>ἐγρηγορώς</strong></span> <span class='ocrx_word' id='word_1_24' title='bbox 425 609 504 692; x_wconf 83' lang='grc' dir='ltr'><strong>βλέπε</strong></span> <span class='ocrx_word' id='word_1_25' title='bbox 516 615 614 682; x_wconf 77' lang='grc' dir='ltr'><strong>ταῦτα,</strong></span> <span class='ocrx_word' id='word_1_26' title='bbox 625 611 662 676; x_wconf 86' lang='grc' dir='ltr'><strong>ώς</strong></span> <span class='ocrx_word' id='word_1_27' title='bbox 672 609 755 668; x_wconf 82' lang='grc' dir='ltr'><strong>ἐκεῖνα</strong></span> <span class='ocrx_word' id='word_1_28' title='bbox 768 605 884 674; x_wconf 61' lang='lat' dir='ltr'><strong>lettere.</strong></span> <span class='ocrx_word' id='word_1_29' title='bbox 994 584 1215 698; x_wconf 44' lang='lat' dir='ltr'><strong>ffiffiffis’evsi&#39;ffflffl</strong></span> <span class='ocrx_word' id='word_1_30' title='bbox 1226 585 1306 635; x_wconf 51' lang='grc' dir='ltr'><strong>(ἐθέλω)</strong></span> <span class='ocrx_word' id='word_1_31' title='bbox 1317 585 1369 634; x_wconf 56' lang='lat'><strong>¹¹³⁰</strong></span> <span class='ocrx_word' id='word_1_32' title='bbox 1387 585 1493 647; x_wconf 59' lang='lat' dir='ltr'><strong>infuere»</strong></span> <span class='ocrx_word' id='word_1_33' title='bbox 1513 586 1718 649; x_wconf 65' lang='lat' dir='ltr'><strong>quemddfflodum</strong></span> <span class='ocrx_word' id='word_1_34' title='bbox 1736 589 1789 638; x_wconf 67' lang='lat' dir='ltr'><strong>illa</strong></span> 
     </span>
    </p>
   </div>
   <div class='ocr_carea' id='block_1_4' title="bbox 170 685 1790 1406">
    <p class='ocr_par' dir='ltr' id='par_1_4' title="bbox 170 685 1790 1406">
     <span class='ocr_line' id='line_1_4' title="bbox 211 685 1790 780; baseline -0.001 -15"><span class='ocrx_word' id='word_1_35' title='bbox 211 703 264 765; x_wconf 84' lang='grc' dir='ltr'><strong>λό’.</strong></span> <span class='ocrx_word' id='word_1_36' title='bbox 287 703 337 764; x_wconf 84' lang='grc' dir='ltr'><strong>Ἐκ</strong></span> <span class='ocrx_word' id='word_1_37' title='bbox 356 699 490 780; x_wconf 81' lang='grc' dir='ltr'>σωματίου</span> <span class='ocrx_word' id='word_1_38' title='bbox 504 697 558 777; x_wconf 81' lang='grc' dir='ltr'><strong>εέμί</strong></span> <span class='ocrx_word' id='word_1_39' title='bbox 578 695 623 758; x_wconf 73' lang='grc' dir='ltr'><strong>καί</strong></span> <span class='ocrx_word' id='word_1_40' title='bbox 639 701 734 780; x_wconf 79' lang='grc' dir='ltr'><strong>ψυχῆς.</strong></span> <span class='ocrx_word' id='word_1_41' title='bbox 774 699 823 778; x_wconf 79' lang='grc' dir='ltr'><strong>Τῷ</strong></span> <span class='ocrx_word' id='word_1_42' title='bbox 840 693 886 773; x_wconf 74' lang='grc' dir='ltr'><strong>μέν</strong></span> <span class='ocrx_word' id='word_1_43' title='bbox 906 685 950 753; x_wconf 86' lang='grc' dir='ltr'><strong>ούν</strong></span> <span class='ocrx_word' id='word_1_44' title='bbox 1025 713 1063 758; x_wconf 78' lang='grc' dir='ltr'><strong>3ο.</strong></span> <span class='ocrx_word' id='word_1_45' title='bbox 1080 713 1118 760; x_wconf 84' lang='lat' dir='ltr'><strong>Ex</strong></span> <span class='ocrx_word' id='word_1_46' title='bbox 1127 709 1270 771; x_wconf 86' lang='lat' dir='ltr'><strong>corpusculo</strong></span> <span class='ocrx_word' id='word_1_47' title='bbox 1279 709 1492 761; x_wconf 79' lang='lat' dir='ltr'><strong>constoetanima</strong></span> <span class='ocrx_word' id='word_1_48' title='bbox 1524 713 1672 776; x_wconf 79' lang='lat' dir='ltr'><strong>corpusculo</strong></span> <span class='ocrx_word' id='word_1_49' title='bbox 1682 712 1790 763; x_wconf 78' lang='lat' dir='ltr'><strong>indiil&#39;e-</strong></span> 
     </span>
     <span class='ocr_line' id='line_1_5' title="bbox 172 782 1786 874; baseline -0.002 -21"><span class='ocrx_word' id='word_1_50' title='bbox 172 791 298 874; x_wconf 84' lang='grc' dir='ltr'><strong>σωαατίιμ</strong></span> <span class='ocrx_word' id='word_1_51' title='bbox 311 790 398 850; x_wconf 88' lang='grc' dir='ltr'><strong>πάντα</strong></span> <span class='ocrx_word' id='word_1_52' title='bbox 418 789 555 871; x_wconf 69' lang='grc' dir='ltr'><strong>ἀδιάφορα·</strong></span> <span class='ocrx_word' id='word_1_53' title='bbox 574 785 631 846; x_wconf 78' lang='grc' dir='ltr'><strong>οὐδὲ</strong></span> <span class='ocrx_word' id='word_1_54' title='bbox 644 785 695 868; x_wconf 91' lang='grc' dir='ltr'><strong>γδιρ</strong></span> <span class='ocrx_word' id='word_1_55' title='bbox 708 785 815 845; x_wconf 88' lang='grc' dir='ltr'><strong>δύναται</strong></span> <span class='ocrx_word' id='word_1_56' title='bbox 829 782 949 866; x_wconf 84' lang='grc' dir='ltr'><strong>διαφέρε-</strong></span> <span class='ocrx_word' id='word_1_57' title='bbox 977 865 981 874; x_wconf 84' lang='lat'><strong>.</strong></span> <span class='ocrx_word' id='word_1_58' title='bbox 993 797 1070 848; x_wconf 86' lang='lat' dir='ltr'><strong>rentia</strong></span> <span class='ocrx_word' id='word_1_59' title='bbox 1082 801 1138 848; x_wconf 86' lang='lat' dir='ltr'><strong>sunt</strong></span> <span class='ocrx_word' id='word_1_60' title='bbox 1146 799 1243 846; x_wconf 85' lang='lat' dir='ltr'><strong>omnia:</strong></span> <span class='ocrx_word' id='word_1_61' title='bbox 1258 798 1381 848; x_wconf 88' lang='lat' dir='ltr'><strong>nonenim</strong></span> <span class='ocrx_word' id='word_1_62' title='bbox 1391 803 1492 862; x_wconf 88' lang='lat' dir='ltr'><strong>possunt</strong></span> <span class='ocrx_word' id='word_1_63' title='bbox 1504 797 1555 861; x_wconf 83' lang='lat' dir='ltr'><strong>ejus</strong></span> <span class='ocrx_word' id='word_1_64' title='bbox 1574 799 1683 862; x_wconf 70' lang='grc' dir='ltr'><strong>δίδοντες</strong></span> <span class='ocrx_word' id='word_1_65' title='bbox 1702 801 1786 852; x_wconf 87' lang='lat' dir='ltr'><strong>menti</strong></span> 
     </span>
     <span class='ocr_line' id='line_1_6' title="bbox 172 874 1786 960; baseline 0.002 -23"><span class='ocrx_word' id='word_1_66' title='bbox 172 888 241 941; x_wconf 85' lang='grc' dir='ltr'><strong>σθαι·</strong></span> <span class='ocrx_word' id='word_1_67' title='bbox 285 883 324 960; x_wconf 75' lang='grc' dir='ltr'><strong>Τῇ</strong></span> <span class='ocrx_word' id='word_1_68' title='bbox 344 879 371 938; x_wconf 82' lang='grc' dir='ltr'><strong>δδ</strong></span> <span class='ocrx_word' id='word_1_69' title='bbox 385 877 486 958; x_wconf 82' lang='grc' dir='ltr'><strong>διανοίφ</strong></span> <span class='ocrx_word' id='word_1_70' title='bbox 505 875 646 959; x_wconf 78' lang='grc' dir='ltr'><strong>ἀδιάφορα,</strong></span> <span class='ocrx_word' id='word_1_71' title='bbox 661 875 711 934; x_wconf 82' lang='grc' dir='ltr'><strong>όσα</strong></span> <span class='ocrx_word' id='word_1_72' title='bbox 726 874 764 954; x_wconf 81' lang='grc' dir='ltr'><strong>μή</strong></span> <span class='ocrx_word' id='word_1_73' title='bbox 783 877 853 932; x_wconf 81' lang='grc' dir='ltr'><strong>ἐστιν</strong></span> <span class='ocrx_word' id='word_1_74' title='bbox 871 875 951 943; x_wconf 79' lang='grc' dir='ltr'><strong>αὐτῆς</strong></span> <span class='ocrx_word' id='word_1_75' title='bbox 993 889 1074 937; x_wconf 90' lang='lat' dir='ltr'><strong>autem</strong></span> <span class='ocrx_word' id='word_1_76' title='bbox 1096 885 1256 936; x_wconf 77' lang='lat' dir='ltr'><strong>indifferentia</strong></span> <span class='ocrx_word' id='word_1_77' title='bbox 1272 891 1347 948; x_wconf 85' lang='lat' dir='ltr'><strong>sunt,</strong></span> <span class='ocrx_word' id='word_1_78' title='bbox 1370 901 1520 952; x_wconf 73' lang='lat' dir='ltr'><strong>quaeeunque</strong></span> <span class='ocrx_word' id='word_1_79' title='bbox 1544 902 1592 939; x_wconf 93' lang='lat' dir='ltr'><strong>nou</strong></span> <span class='ocrx_word' id='word_1_80' title='bbox 1619 893 1676 939; x_wconf 91' lang='lat' dir='ltr'><strong>sunt</strong></span> <span class='ocrx_word' id='word_1_81' title='bbox 1700 890 1786 954; x_wconf 81' lang='lat' dir='ltr'><strong>ipsius</strong></span> 
     </span>
     <span class='ocr_line' id='line_1_7' title="bbox 170 961 1783 1052; baseline -0.007 -13"><span class='ocrx_word' id='word_1_82' title='bbox 170 969 344 1052; x_wconf 69' lang='grc' dir='ltr'><strong>ἐνεργήματα·</strong></span> <span class='ocrx_word' id='word_1_83' title='bbox 390 965 464 1027; x_wconf 70' lang='grc' dir='ltr'><strong>Ὅσα</strong></span> <span class='ocrx_word' id='word_1_84' title='bbox 485 964 514 1024; x_wconf 68' lang='grc' dir='ltr'><strong>δέ</strong></span> <span class='ocrx_word' id='word_1_85' title='bbox 533 987 563 1044; x_wconf 61' lang='grc' dir='ltr'><strong>γε</strong></span> <span class='ocrx_word' id='word_1_86' title='bbox 583 967 663 1036; x_wconf 57' lang='lat' dir='ltr'><strong>“lifts</strong></span> <span class='ocrx_word' id='word_1_87' title='bbox 682 966 750 1022; x_wconf 75' lang='grc' dir='ltr'><strong>ἐστιν</strong></span> <span class='ocrx_word' id='word_1_88' title='bbox 770 961 950 1044; x_wconf 78' lang='grc' dir='ltr'><strong>ἐνεργήματα,</strong></span> <span class='ocrx_word' id='word_1_89' title='bbox 994 975 1269 1038; x_wconf 79' lang='lat' dir='ltr'><strong>actioncs3quoecunque</strong></span> <span class='ocrx_word' id='word_1_90' title='bbox 1279 979 1359 1026; x_wconf 89' lang='lat' dir='ltr'><strong>autem</strong></span> <span class='ocrx_word' id='word_1_91' title='bbox 1368 977 1483 1039; x_wconf 78' lang='lat' dir='ltr'><strong>annicius</strong></span> <span class='ocrx_word' id='word_1_92' title='bbox 1493 976 1646 1040; x_wconf 87' lang='lat' dir='ltr'><strong>actiones‚in</strong></span> <span class='ocrx_word' id='word_1_93' title='bbox 1658 981 1783 1042; x_wconf 75' lang='lat' dir='ltr'><strong>potestate</strong></span> 
     </span>
     <span class='ocr_line' id='line_1_8' title="bbox 170 1047 1783 1132; baseline -0.001 -15"><span class='ocrx_word' id='word_1_94' title='bbox 170 1065 253 1120; x_wconf 77' lang='grc' dir='ltr'><strong>ταῦτα</strong></span> <span class='ocrx_word' id='word_1_95' title='bbox 264 1055 351 1117; x_wconf 86' lang='grc' dir='ltr'><strong>πάντα</strong></span> <span class='ocrx_word' id='word_1_96' title='bbox 367 1055 409 1114; x_wconf 88' lang='grc' dir='ltr'><strong>ἐπ’</strong></span> <span class='ocrx_word' id='word_1_97' title='bbox 428 1057 494 1132; x_wconf 76' lang='grc' dir='ltr'><strong>αύτῇ</strong></span> <span class='ocrx_word' id='word_1_98' title='bbox 511 1055 590 1116; x_wconf 88' lang='grc' dir='ltr'><strong>ἐστιν.</strong></span> <span class='ocrx_word' id='word_1_99' title='bbox 633 1053 689 1113; x_wconf 82' lang='grc' dir='ltr'><strong>Καί</strong></span> <span class='ocrx_word' id='word_1_100' title='bbox 705 1050 803 1112; x_wconf 85' lang='grc' dir='ltr'><strong>τούτων</strong></span> <span class='ocrx_word' id='word_1_101' title='bbox 818 1047 951 1130; x_wconf 82' lang='grc' dir='ltr'><strong>μέντοι,δ</strong></span> <span class='ocrx_word' id='word_1_102' title='bbox 994 1063 1109 1125; x_wconf 78' lang='lat' dir='ltr'><strong>ejussitae</strong></span> <span class='ocrx_word' id='word_1_103' title='bbox 1125 1065 1284 1114; x_wconf 82' lang='lat' dir='ltr'><strong>suntomnea.</strong></span> <span class='ocrx_word' id='word_1_104' title='bbox 1317 1067 1354 1114; x_wconf 84' lang='lat' dir='ltr'><strong>Ex</strong></span> <span class='ocrx_word' id='word_1_105' title='bbox 1370 1063 1408 1114; x_wconf 88' lang='lat' dir='ltr'><strong>iris</strong></span> <span class='ocrx_word' id='word_1_106' title='bbox 1426 1070 1553 1116; x_wconf 78' lang='lat' dir='ltr'><strong>ismenem</strong></span> <span class='ocrx_word' id='word_1_107' title='bbox 1566 1069 1660 1116; x_wconf 88' lang='lat' dir='ltr'><strong>tantum</strong></span> <span class='ocrx_word' id='word_1_108' title='bbox 1673 1070 1783 1118; x_wconf 72' lang='grc' dir='ltr'><strong>οἱα-ανον</strong></span> 
     </span>
     <span class='ocr_line' id='line_1_9' title="bbox 170 1138 1782 1229; baseline -0.001 -21"><span class='ocrx_word' id='word_1_109' title='bbox 170 1147 230 1229; x_wconf 76' lang='grc' dir='ltr'><strong>περὶ</strong></span> <span class='ocrx_word' id='word_1_110' title='bbox 244 1143 321 1226; x_wconf 87' lang='grc' dir='ltr'><strong>μόνον</strong></span> <span class='ocrx_word' id='word_1_111' title='bbox 335 1141 365 1204; x_wconf 89' lang='grc' dir='ltr'><strong>τδ</strong></span> <span class='ocrx_word' id='word_1_112' title='bbox 377 1141 460 1225; x_wconf 78' lang='grc' dir='ltr'><strong>παρὸν</strong></span> <span class='ocrx_word' id='word_1_113' title='bbox 474 1138 697 1222; x_wconf 75' lang='grc' dir='ltr'><strong>πραγματεύεται·</strong></span> <span class='ocrx_word' id='word_1_114' title='bbox 708 1138 743 1199; x_wconf 73' lang='grc' dir='ltr'><strong>τύ</strong></span> <span class='ocrx_word' id='word_1_115' title='bbox 755 1138 807 1221; x_wconf 69' lang='grc' dir='ltr'><strong>γὰρ</strong></span> <span class='ocrx_word' id='word_1_116' title='bbox 822 1138 951 1218; x_wconf 79' lang='grc' dir='ltr'><strong>μέλλοντα</strong></span> <span class='ocrx_word' id='word_1_117' title='bbox 993 1155 1069 1212; x_wconf 82' lang='lat' dir='ltr'><strong>runt,</strong></span> <span class='ocrx_word' id='word_1_118' title='bbox 1084 1152 1216 1214; x_wconf 72' lang='lat' dir='ltr'><strong>quocirca</strong></span> <span class='ocrx_word' id='word_1_119' title='bbox 1233 1151 1272 1214; x_wconf 88' lang='lat' dir='ltr'><strong>id,</strong></span> <span class='ocrx_word' id='word_1_120' title='bbox 1287 1151 1352 1216; x_wconf 85' lang='lat' dir='ltr'><strong>quod</strong></span> <span class='ocrx_word' id='word_1_121' title='bbox 1367 1166 1473 1218; x_wconf 77' lang='lat' dir='ltr'><strong>praesens</strong></span> <span class='ocrx_word' id='word_1_122' title='bbox 1487 1159 1538 1216; x_wconf 83' lang='lat' dir='ltr'><strong>est,</strong></span> <span class='ocrx_word' id='word_1_123' title='bbox 1554 1160 1681 1206; x_wconf 83' lang='lat' dir='ltr'><strong>versantur</strong></span> <span class='ocrx_word' id='word_1_124' title='bbox 1700 1170 1782 1220; x_wconf 81' lang='lat' dir='ltr'><strong>:quae</strong></span> 
     </span>
     <span class='ocr_line' id='line_1_10' title="bbox 170 1226 1781 1316; baseline 0.001 -22"><span class='ocrx_word' id='word_1_125' title='bbox 170 1233 216 1294; x_wconf 81' lang='grc' dir='ltr'><strong>καί</strong></span> <span class='ocrx_word' id='word_1_126' title='bbox 236 1231 417 1316; x_wconf 82' lang='grc' dir='ltr'><strong>παρῳχηκότα</strong></span> <span class='ocrx_word' id='word_1_127' title='bbox 442 1229 608 1313; x_wconf 72' lang='grc' dir='ltr'><strong>ἐνεργήματα</strong></span> <span class='ocrx_word' id='word_1_128' title='bbox 630 1232 724 1304; x_wconf 79' lang='grc' dir='ltr'><strong>αὐτῆς,</strong></span> <span class='ocrx_word' id='word_1_129' title='bbox 744 1228 788 1290; x_wconf 84' lang='grc' dir='ltr'><strong>καὶ</strong></span> <span class='ocrx_word' id='word_1_130' title='bbox 809 1226 876 1287; x_wconf 84' lang='grc' dir='ltr'><strong>αὐτδι</strong></span> <span class='ocrx_word' id='word_1_131' title='bbox 900 1227 950 1299; x_wconf 72' lang='grc' dir='ltr'><strong>ἤδη</strong></span> <span class='ocrx_word' id='word_1_132' title='bbox 994 1239 1154 1290; x_wconf 83' lang='lat' dir='ltr'><strong>enimiuturae</strong></span> <span class='ocrx_word' id='word_1_133' title='bbox 1169 1245 1225 1291; x_wconf 91' lang='lat' dir='ltr'><strong>sunt</strong></span> <span class='ocrx_word' id='word_1_134' title='bbox 1242 1241 1294 1303; x_wconf 77' lang='lat' dir='ltr'><strong>eius</strong></span> <span class='ocrx_word' id='word_1_135' title='bbox 1306 1241 1412 1292; x_wconf 81' lang='lat' dir='ltr'><strong>actiones</strong></span> <span class='ocrx_word' id='word_1_136' title='bbox 1424 1247 1466 1292; x_wconf 91' lang='lat' dir='ltr'><strong>aut</strong></span> <span class='ocrx_word' id='word_1_137' title='bbox 1479 1244 1621 1307; x_wconf 81' lang='lat' dir='ltr'><strong>praeteritae,</strong></span> <span class='ocrx_word' id='word_1_138' title='bbox 1641 1244 1735 1308; x_wconf 82' lang='lat' dir='ltr'><strong>etipsae</strong></span> <span class='ocrx_word' id='word_1_139' title='bbox 1753 1244 1781 1295; x_wconf 83' lang='lat' dir='ltr'><strong>ci</strong></span> 
     </span>
     <span class='ocr_line' id='line_1_11' title="bbox 171 1321 1238 1406; baseline -0.004 -23"><span class='ocrx_word' id='word_1_140' title='bbox 171 1321 310 1406; x_wconf 73' lang='grc' dir='ltr'><strong>ἀδιάφορα.</strong></span> <span class='ocrx_word' id='word_1_141' title='bbox 994 1328 1238 1380; x_wconf 85' lang='lat' dir='ltr'><strong>nuucindiilereutes.</strong></span> 
     </span>
    </p>
   </div>
   <div class='ocr_carea' id='block_1_5' title="bbox 172 1413 1828 1856">
    <p class='ocr_par' dir='ltr' id='par_1_5' title="bbox 172 1413 1828 1856">
     <span class='ocr_line' id='line_1_12' title="bbox 210 1413 1828 1501; baseline 0.001 -21"><span class='ocrx_word' id='word_1_142' title='bbox 210 1420 264 1501; x_wconf 75' lang='grc' dir='ltr'><strong>λη’.</strong></span> <span class='ocrx_word' id='word_1_143' title='bbox 286 1422 344 1483; x_wconf 67' lang='lat' dir='ltr'><strong>Ota</strong></span> <span class='ocrx_word' id='word_1_144' title='bbox 354 1419 423 1478; x_wconf 88' lang='grc' dir='ltr'><strong>ἐστιν</strong></span> <span class='ocrx_word' id='word_1_145' title='bbox 435 1422 449 1478; x_wconf 85' lang='grc' dir='ltr'><strong>ό</strong></span> <span class='ocrx_word' id='word_1_146' title='bbox 460 1415 536 1486; x_wconf 88' lang='grc' dir='ltr'><strong>πόνος</strong></span> <span class='ocrx_word' id='word_1_147' title='bbox 547 1422 580 1498; x_wconf 82' lang='grc' dir='ltr'><strong>τῇ</strong></span> <span class='ocrx_word' id='word_1_148' title='bbox 591 1416 676 1500; x_wconf 77' lang='grc' dir='ltr'><strong>χειρί,</strong></span> <span class='ocrx_word' id='word_1_149' title='bbox 688 1413 746 1476; x_wconf 77' lang='lat' dir='ltr'><strong>otti</strong></span> <span class='ocrx_word' id='word_1_150' title='bbox 760 1418 798 1498; x_wconf 77' lang='grc' dir='ltr'><strong>τῷ</strong></span> <span class='ocrx_word' id='word_1_151' title='bbox 807 1414 868 1474; x_wconf 80' lang='grc' dir='ltr'><strong>ποδί</strong></span> <span class='ocrx_word' id='word_1_152' title='bbox 878 1413 951 1497; x_wconf 80' lang='grc' dir='ltr'><strong>παρδ</strong></span> <span class='ocrx_word' id='word_1_153' title='bbox 1028 1431 1065 1478; x_wconf 85' lang='grc'><strong>33.</strong></span> <span class='ocrx_word' id='word_1_154' title='bbox 1081 1429 1164 1490; x_wconf 80' lang='lat' dir='ltr'><strong>Neque</strong></span> <span class='ocrx_word' id='word_1_155' title='bbox 1176 1427 1258 1478; x_wconf 88' lang='lat' dir='ltr'><strong>manui</strong></span> <span class='ocrx_word' id='word_1_156' title='bbox 1273 1427 1386 1478; x_wconf 85' lang='lat' dir='ltr'><strong>laboresi</strong></span> <span class='ocrx_word' id='word_1_157' title='bbox 1400 1441 1477 1492; x_wconf 89' lang='lat' dir='ltr'><strong>noque</strong></span> <span class='ocrx_word' id='word_1_158' title='bbox 1493 1427 1639 1494; x_wconf 80' lang='lat' dir='ltr'><strong>pedicontru</strong></span> <span class='ocrx_word' id='word_1_159' title='bbox 1652 1435 1783 1495; x_wconf 86' lang='lat' dir='ltr'><strong>naturam,</strong></span> <span class='ocrx_word' id='word_1_160' title='bbox 1811 1417 1828 1436; x_wconf 80' lang='grc'><strong><em>’</em></strong></span> 
     </span>
     <span class='ocr_line' id='line_1_13' title="bbox 172 1502 1782 1592; baseline 0 -22"><span class='ocrx_word' id='word_1_161' title='bbox 172 1508 259 1592; x_wconf 87' lang='grc' dir='ltr'><strong>φύσιν,</strong></span> <span class='ocrx_word' id='word_1_162' title='bbox 274 1507 366 1592; x_wconf 86' lang='grc' dir='ltr'><strong>μέχρις</strong></span> <span class='ocrx_word' id='word_1_163' title='bbox 380 1505 411 1567; x_wconf 73' lang='grc' dir='ltr'><strong>ἂν</strong></span> <span class='ocrx_word' id='word_1_164' title='bbox 423 1511 485 1588; x_wconf 84' lang='grc' dir='ltr'><strong>ποιῇ</strong></span> <span class='ocrx_word' id='word_1_165' title='bbox 499 1509 588 1574; x_wconf 63' lang='lat' dir='ltr'><strong>tuobe</strong></span> <span class='ocrx_word' id='word_1_166' title='bbox 598 1504 632 1564; x_wconf 81' lang='grc' dir='ltr'><strong>τδ</strong></span> <span class='ocrx_word' id='word_1_167' title='bbox 642 1510 689 1564; x_wconf 81' lang='grc' dir='ltr'><strong>τοῦ</strong></span> <span class='ocrx_word' id='word_1_168' title='bbox 702 1502 793 1576; x_wconf 90' lang='grc' dir='ltr'><strong>ποδδς,</strong></span> <span class='ocrx_word' id='word_1_169' title='bbox 808 1502 853 1562; x_wconf 80' lang='grc' dir='ltr'><strong>καί</strong></span> <span class='ocrx_word' id='word_1_170' title='bbox 866 1502 951 1582; x_wconf 75' lang='grc' dir='ltr'><strong>ἠχείρ</strong></span> <span class='ocrx_word' id='word_1_171' title='bbox 996 1515 1111 1578; x_wconf 77' lang='lat' dir='ltr'><strong>quamdiu</strong></span> <span class='ocrx_word' id='word_1_172' title='bbox 1123 1529 1165 1579; x_wconf 80' lang='lat' dir='ltr'><strong>pes</strong></span> <span class='ocrx_word' id='word_1_173' title='bbox 1174 1516 1243 1579; x_wconf 83' lang='lat' dir='ltr'><strong>iacit,</strong></span> <span class='ocrx_word' id='word_1_174' title='bbox 1255 1516 1321 1581; x_wconf 92' lang='lat' dir='ltr'><strong>quod</strong></span> <span class='ocrx_word' id='word_1_175' title='bbox 1331 1517 1398 1582; x_wconf 87' lang='lat' dir='ltr'><strong>pedis</strong></span> <span class='ocrx_word' id='word_1_176' title='bbox 1408 1523 1459 1579; x_wconf 87' lang='lat' dir='ltr'><strong>est,</strong></span> <span class='ocrx_word' id='word_1_177' title='bbox 1469 1523 1493 1568; x_wconf 89' lang='lat' dir='ltr'><strong>et</strong></span> <span class='ocrx_word' id='word_1_178' title='bbox 1502 1532 1602 1582; x_wconf 84' lang='lat' dir='ltr'><strong>manus,</strong></span> <span class='ocrx_word' id='word_1_179' title='bbox 1613 1519 1680 1584; x_wconf 87' lang='lat' dir='ltr'><strong>quod</strong></span> <span class='ocrx_word' id='word_1_180' title='bbox 1691 1533 1782 1570; x_wconf 84' lang='lat' dir='ltr'><strong>manus</strong></span> 
     </span>
     <span class='ocr_line' id='line_1_14' title="bbox 172 1585 1783 1679; baseline 0.002 -22"><span class='ocrx_word' id='word_1_181' title='bbox 172 1596 361 1679; x_wconf 82' lang='grc' dir='ltr'><strong>τδιτῆςχειρύς.</strong></span> <span class='ocrx_word' id='word_1_182' title='bbox 393 1585 951 1675; x_wconf 79' lang='grc' dir='ltr'><strong>Οότωςούνούδέάνθφώπφι,ώςάνθρώπῳ,</strong></span> <span class='ocrx_word' id='word_1_183' title='bbox 994 1608 1040 1655; x_wconf 81' lang='lat' dir='ltr'><strong>est.</strong></span> <span class='ocrx_word' id='word_1_184' title='bbox 1074 1603 1196 1667; x_wconf 82' lang='lat' dir='ltr'><strong>sicigitur</strong></span> <span class='ocrx_word' id='word_1_185' title='bbox 1211 1606 1391 1670; x_wconf 88' lang='lat' dir='ltr'><strong>nequehumiui</strong></span> <span class='ocrx_word' id='word_1_186' title='bbox 1408 1607 1549 1670; x_wconf 88' lang='lat' dir='ltr'><strong>utlromini,</strong></span> <span class='ocrx_word' id='word_1_187' title='bbox 1566 1608 1632 1658; x_wconf 91' lang='lat' dir='ltr'><strong>labor</strong></span> <span class='ocrx_word' id='word_1_188' title='bbox 1648 1613 1783 1660; x_wconf 86' lang='lat' dir='ltr'><strong>estoontra</strong></span> 
     </span>
     <span class='ocr_line' id='line_1_15' title="bbox 172 1677 1781 1769; baseline 0.002 -24"><span class='ocrx_word' id='word_1_189' title='bbox 172 1683 246 1767; x_wconf 73' lang='grc' dir='ltr'><strong>παρὰ</strong></span> <span class='ocrx_word' id='word_1_190' title='bbox 260 1685 334 1769; x_wconf 90' lang='grc' dir='ltr'><strong>φύσιν</strong></span> <span class='ocrx_word' id='word_1_191' title='bbox 350 1683 420 1744; x_wconf 78' lang='grc' dir='ltr'><strong>ἐστὶν</strong></span> <span class='ocrx_word' id='word_1_192' title='bbox 434 1689 447 1744; x_wconf 86' lang='grc' dir='ltr'><strong>δ</strong></span> <span class='ocrx_word' id='word_1_193' title='bbox 461 1681 552 1757; x_wconf 83' lang='grc' dir='ltr'><strong>πόνος,</strong></span> <span class='ocrx_word' id='word_1_194' title='bbox 566 1681 658 1764; x_wconf 77' lang='grc' dir='ltr'><strong>μέχρις</strong></span> <span class='ocrx_word' id='word_1_195' title='bbox 672 1679 704 1740; x_wconf 84' lang='grc' dir='ltr'><strong>δν</strong></span> <span class='ocrx_word' id='word_1_196' title='bbox 717 1685 780 1762; x_wconf 86' lang='grc' dir='ltr'><strong>ποιῇ</strong></span> <span class='ocrx_word' id='word_1_197' title='bbox 792 1677 826 1739; x_wconf 89' lang='grc' dir='ltr'><strong>τδι</strong></span> <span class='ocrx_word' id='word_1_198' title='bbox 843 1685 888 1739; x_wconf 82' lang='grc' dir='ltr'><strong>τοῦ</strong></span> <span class='ocrx_word' id='word_1_199' title='bbox 903 1681 951 1738; x_wconf 82' lang='grc' dir='ltr'><strong>ἀν·</strong></span> <span class='ocrx_word' id='word_1_200' title='bbox 995 1692 1242 1756; x_wconf 83' lang='lat' dir='ltr'><strong>naturam,quamdiu</strong></span> <span class='ocrx_word' id='word_1_201' title='bbox 1258 1694 1570 1758; x_wconf 75' lang='lat' dir='ltr'><strong>iacit,quodbominisest,</strong></span> <span class='ocrx_word' id='word_1_202' title='bbox 1602 1697 1673 1757; x_wconf 86' lang='lat' dir='ltr'><strong>Quod</strong></span> <span class='ocrx_word' id='word_1_203' title='bbox 1691 1699 1781 1748; x_wconf 85' lang='lat' dir='ltr'><strong>eicon·</strong></span> 
     </span>
     <span class='ocr_line' id='line_1_16' title="bbox 173 1767 1577 1856; baseline 0 -22"><span class='ocrx_word' id='word_1_204' title='bbox 173 1773 286 1854; x_wconf 86' lang='grc' dir='ltr'><strong>θρώπου.</strong></span> <span class='ocrx_word' id='word_1_205' title='bbox 329 1776 364 1834; x_wconf 87' lang='lat' dir='ltr'><strong>El</strong></span> <span class='ocrx_word' id='word_1_206' title='bbox 378 1771 490 1856; x_wconf 81' lang='grc' dir='ltr'><strong>δέπαρδι</strong></span> <span class='ocrx_word' id='word_1_207' title='bbox 504 1771 581 1856; x_wconf 87' lang='grc' dir='ltr'><strong>φύσιν</strong></span> <span class='ocrx_word' id='word_1_208' title='bbox 597 1772 726 1854; x_wconf 79' lang='grc' dir='ltr'><strong>αὐτῷούκ</strong></span> <span class='ocrx_word' id='word_1_209' title='bbox 739 1769 818 1844; x_wconf 88' lang='grc' dir='ltr'><strong>ἐστιν,</strong></span> <span class='ocrx_word' id='word_1_210' title='bbox 833 1767 890 1829; x_wconf 74' lang='lat' dir='ltr'><strong>otti</strong></span> <span class='ocrx_word' id='word_1_211' title='bbox 903 1791 953 1827; x_wconf 86' lang='grc' dir='ltr'><strong>κα·</strong></span> <span class='ocrx_word' id='word_1_212' title='bbox 996 1783 1032 1830; x_wconf 92' lang='lat' dir='ltr'><strong>tra</strong></span> <span class='ocrx_word' id='word_1_213' title='bbox 1043 1787 1151 1830; x_wconf 83' lang='lat' dir='ltr'><strong>naturam</strong></span> <span class='ocrx_word' id='word_1_214' title='bbox 1159 1781 1212 1845; x_wconf 85' lang='lat' dir='ltr'><strong>ejus</strong></span> <span class='ocrx_word' id='word_1_215' title='bbox 1221 1795 1268 1834; x_wconf 92' lang='lat' dir='ltr'><strong>non</strong></span> <span class='ocrx_word' id='word_1_216' title='bbox 1280 1787 1386 1844; x_wconf 89' lang='lat' dir='ltr'><strong>est,nec</strong></span> <span class='ocrx_word' id='word_1_217' title='bbox 1398 1783 1489 1834; x_wconf 87' lang='lat' dir='ltr'><strong>mulum</strong></span> <span class='ocrx_word' id='word_1_218' title='bbox 1501 1785 1523 1835; x_wconf 87' lang='lat' dir='ltr'><strong>ei</strong></span> <span class='ocrx_word' id='word_1_219' title='bbox 1532 1790 1577 1836; x_wconf 85' lang='lat' dir='ltr'><strong>est.</strong></span> 
     </span>
    </p>
   </div>
   <div class='ocr_carea' id='block_1_6' title="bbox 172 1861 453 1945">
    <p class='ocr_par' dir='ltr' id='par_1_6' title="bbox 172 1861 453 1945">
     <span class='ocr_line' id='line_1_17' title="bbox 172 1861 453 1945; baseline 0.007 -21"><span class='ocrx_word' id='word_1_220' title='bbox 172 1861 218 1924; x_wconf 87' lang='grc' dir='ltr'><strong>κδν</strong></span> <span class='ocrx_word' id='word_1_221' title='bbox 230 1865 277 1925; x_wconf 84' lang='grc' dir='ltr'><strong>οὐκ</strong></span> <span class='ocrx_word' id='word_1_222' title='bbox 290 1861 359 1924; x_wconf 83' lang='grc' dir='ltr'><strong>ἐστιν</strong></span> <span class='ocrx_word' id='word_1_223' title='bbox 372 1863 453 1945; x_wconf 80' lang='grc' dir='ltr'><strong>αύτῷ.</strong></span> 
     </span>
    </p>
   </div>
   <div class='ocr_carea' id='block_1_7' title="bbox 108 1958 1781 3391">
    <p class='ocr_par' dir='ltr' id='par_1_7' title="bbox 172 1958 1781 2135">
     <span class='ocr_line' id='line_1_18' title="bbox 212 1958 1781 2042; baseline -0.001 -19"><span class='ocrx_word' id='word_1_224' title='bbox 212 1963 264 2024; x_wconf 87' lang='grc' dir='ltr'><strong>λδ’.</strong></span> <span class='ocrx_word' id='word_1_225' title='bbox 286 1961 397 2028; x_wconf 87' lang='grc' dir='ltr'><strong>Ἡλίκας</strong></span> <span class='ocrx_word' id='word_1_226' title='bbox 409 1959 503 2034; x_wconf 74' lang='grc' dir='ltr'><strong>ἡδονάς</strong></span> <span class='ocrx_word' id='word_1_227' title='bbox 512 1959 630 2034; x_wconf 76' lang='grc' dir='ltr'><strong>ἥσθησαν</strong></span> <span class='ocrx_word' id='word_1_228' title='bbox 639 1959 749 2042; x_wconf 78' lang='grc' dir='ltr'><strong>λῃσταὶ,</strong></span> <span class='ocrx_word' id='word_1_229' title='bbox 764 1958 887 2034; x_wconf 76' lang='grc' dir='ltr'><strong>κίναιδοι,</strong></span> <span class='ocrx_word' id='word_1_230' title='bbox 900 1981 954 2017; x_wconf 88' lang='grc' dir='ltr'><strong>πα·</strong></span> <span class='ocrx_word' id='word_1_231' title='bbox 1026 1969 1065 2017; x_wconf 78' lang='grc'><strong>34.</strong></span> <span class='ocrx_word' id='word_1_232' title='bbox 1084 1964 1357 2030; x_wconf 82' lang='lat' dir='ltr'><strong>Quantisroluptatibus</strong></span> <span class='ocrx_word' id='word_1_233' title='bbox 1367 1967 1477 2020; x_wconf 86' lang='lat' dir='ltr'><strong>delectati</strong></span> <span class='ocrx_word' id='word_1_234' title='bbox 1487 1969 1671 2032; x_wconf 86' lang='lat' dir='ltr'><strong>suntlatroues,</strong></span> <span class='ocrx_word' id='word_1_235' title='bbox 1681 1969 1781 2034; x_wconf 75' lang='grc' dir='ltr'><strong>υὶοωᾱι,</strong></span> 
     </span>
     <span class='ocr_line' id='line_1_19' title="bbox 172 2049 1780 2135; baseline -0.005 -23"><span class='ocrx_word' id='word_1_236' title='bbox 172 2052 304 2135; x_wconf 83' lang='grc' dir='ltr'><strong>τραλοῖαι,</strong></span> <span class='ocrx_word' id='word_1_237' title='bbox 317 2049 450 2131; x_wconf 65' lang='lat' dir='ltr'><strong>ripaeorum</strong></span> <span class='ocrx_word' id='word_1_238' title='bbox 996 2055 1132 2118; x_wconf 73' lang='lat' dir='ltr'><strong>parricidae,</strong></span> <span class='ocrx_word' id='word_1_239' title='bbox 1145 2055 1255 2118; x_wconf 82' lang='lat' dir='ltr'><strong>tyrannii</strong></span> <span class='ocrx_word' id='word_1_240' title='bbox 1776 2073 1780 2082; x_wconf 64' lang='lat'><strong><em>¹</em></strong></span> 
     </span>
    </p>

    <p class='ocr_par' dir='ltr' id='par_1_8' title="bbox 167 2145 1780 2754">
     <span class='ocr_line' id='line_1_20' title="bbox 212 2145 1779 2230; baseline -0.002 -23"><span class='ocrx_word' id='word_1_241' title='bbox 212 2147 260 2207; x_wconf 85' lang='grc' dir='ltr'><strong>λε’.</strong></span> <span class='ocrx_word' id='word_1_242' title='bbox 279 2149 340 2226; x_wconf 85' lang='grc' dir='ltr'><strong>Ούχ</strong></span> <span class='ocrx_word' id='word_1_243' title='bbox 350 2151 425 2230; x_wconf 66' lang='grc' dir='ltr'><strong>ὁρᾷς,</strong></span> <span class='ocrx_word' id='word_1_244' title='bbox 435 2147 523 2214; x_wconf 82' lang='grc' dir='ltr'><strong>πῶςοί</strong></span> <span class='ocrx_word' id='word_1_245' title='bbox 536 2145 784 2228; x_wconf 85' lang='grc' dir='ltr'><strong>βάναυσοιτεχνῖται</strong></span> <span class='ocrx_word' id='word_1_246' title='bbox 797 2146 953 2229; x_wconf 75' lang='grc' dir='ltr'><strong>ἁρμόζονται</strong></span> <span class='ocrx_word' id='word_1_247' title='bbox 1026 2156 1064 2202; x_wconf 83' lang='lat'><strong>35.</strong></span> <span class='ocrx_word' id='word_1_248' title='bbox 1080 2151 1195 2215; x_wconf 83' lang='lat' dir='ltr'><strong>Videsne,</strong></span> <span class='ocrx_word' id='word_1_249' title='bbox 1211 2157 1238 2202; x_wconf 89' lang='lat' dir='ltr'><strong>ut</strong></span> <span class='ocrx_word' id='word_1_250' title='bbox 1247 2152 1288 2216; x_wconf 94' lang='lat' dir='ltr'><strong>qui</strong></span> <span class='ocrx_word' id='word_1_251' title='bbox 1295 2151 1423 2202; x_wconf 79' lang='lat' dir='ltr'><strong>illiberales</strong></span> <span class='ocrx_word' id='word_1_252' title='bbox 1442 2152 1583 2216; x_wconf 89' lang='lat' dir='ltr'><strong>prolitentur</strong></span> <span class='ocrx_word' id='word_1_253' title='bbox 1593 2157 1670 2216; x_wconf 73' lang='lat' dir='ltr'><strong>arleS,</strong></span> <span class='ocrx_word' id='word_1_254' title='bbox 1689 2155 1779 2218; x_wconf 87' lang='lat' dir='ltr'><strong>aliqua·</strong></span> 
     </span>
     <span class='ocr_line' id='line_1_21' title="bbox 174 2227 1780 2319; baseline -0.001 -24"><span class='ocrx_word' id='word_1_255' title='bbox 174 2234 220 2316; x_wconf 75' lang='grc' dir='ltr'><strong>μὲν</strong></span> <span class='ocrx_word' id='word_1_256' title='bbox 236 2235 298 2319; x_wconf 85' lang='grc' dir='ltr'><strong>ἄχρι</strong></span> <span class='ocrx_word' id='word_1_257' title='bbox 317 2234 461 2318; x_wconf 72' lang='grc' dir='ltr'><strong>τινδςπρδς</strong></span> <span class='ocrx_word' id='word_1_258' title='bbox 473 2233 533 2303; x_wconf 78' lang='grc' dir='ltr'><strong>τούς</strong></span> <span class='ocrx_word' id='word_1_259' title='bbox 546 2232 663 2308; x_wconf 78' lang='grc' dir='ltr'><strong>ἰδιώτας,</strong></span> <span class='ocrx_word' id='word_1_260' title='bbox 678 2235 751 2295; x_wconf 81' lang='grc' dir='ltr'><strong>οὐδὲν</strong></span> <span class='ocrx_word' id='word_1_261' title='bbox 769 2227 850 2308; x_wconf 77' lang='grc' dir='ltr'><strong>ἧσσον</strong></span> <span class='ocrx_word' id='word_1_262' title='bbox 865 2235 953 2315; x_wconf 88' lang='grc' dir='ltr'><strong>μέντοι</strong></span> <span class='ocrx_word' id='word_1_263' title='bbox 997 2245 1066 2291; x_wconf 86' lang='lat' dir='ltr'><strong>tenus</strong></span> <span class='ocrx_word' id='word_1_264' title='bbox 1081 2241 1178 2306; x_wconf 86' lang='lat' dir='ltr'><strong>quidem</strong></span> <span class='ocrx_word' id='word_1_265' title='bbox 1194 2241 1225 2292; x_wconf 89' lang='lat' dir='ltr'><strong>ad</strong></span> <span class='ocrx_word' id='word_1_266' title='bbox 1239 2241 1362 2305; x_wconf 86' lang='lat' dir='ltr'><strong>imperitos</strong></span> <span class='ocrx_word' id='word_1_267' title='bbox 1378 2255 1404 2292; x_wconf 89' lang='lat' dir='ltr'><strong>se</strong></span> <span class='ocrx_word' id='word_1_268' title='bbox 1415 2243 1608 2304; x_wconf 80' lang='lat' dir='ltr'><strong>accommodent,</strong></span> <span class='ocrx_word' id='word_1_269' title='bbox 1622 2243 1780 2294; x_wconf 87' lang='lat' dir='ltr'><strong>nibilominus</strong></span> 
     </span>
     <span class='ocr_line' id='line_1_22' title="bbox 167 2322 1778 2406; baseline -0.001 -21"><span class='ocrx_word' id='word_1_270' title='bbox 167 2325 326 2406; x_wconf 78' lang='grc' dir='ltr'><strong>άντέχονται</strong></span> <span class='ocrx_word' id='word_1_271' title='bbox 339 2330 385 2384; x_wconf 83' lang='grc' dir='ltr'><strong>τοῦ</strong></span> <span class='ocrx_word' id='word_1_272' title='bbox 399 2323 476 2403; x_wconf 85' lang='grc' dir='ltr'><strong>λόγου</strong></span> <span class='ocrx_word' id='word_1_273' title='bbox 490 2327 536 2395; x_wconf 76' lang='grc' dir='ltr'><strong>τῆς</strong></span> <span class='ocrx_word' id='word_1_274' title='bbox 549 2323 657 2403; x_wconf 82' lang='grc' dir='ltr'><strong>τέχνης,</strong></span> <span class='ocrx_word' id='word_1_275' title='bbox 668 2323 713 2383; x_wconf 82' lang='grc' dir='ltr'><strong>καί</strong></span> <span class='ocrx_word' id='word_1_276' title='bbox 727 2322 819 2384; x_wconf 85' lang='grc' dir='ltr'><strong>τούτου</strong></span> <span class='ocrx_word' id='word_1_277' title='bbox 834 2326 953 2386; x_wconf 59' lang='lat' dir='ltr'><strong>incurb-</strong></span> <span class='ocrx_word' id='word_1_278' title='bbox 997 2333 1075 2379; x_wconf 69' lang='lat' dir='ltr'><strong>brnen</strong></span> <span class='ocrx_word' id='word_1_279' title='bbox 1087 2331 1144 2380; x_wconf 85' lang='lat' dir='ltr'><strong>artis</strong></span> <span class='ocrx_word' id='word_1_280' title='bbox 1153 2332 1268 2381; x_wconf 87' lang='lat' dir='ltr'><strong>milonem</strong></span> <span class='ocrx_word' id='word_1_281' title='bbox 1284 2331 1401 2380; x_wconf 86' lang='lat' dir='ltr'><strong>retineant</strong></span> <span class='ocrx_word' id='word_1_282' title='bbox 1418 2344 1495 2394; x_wconf 89' lang='lat' dir='ltr'><strong>neque</strong></span> <span class='ocrx_word' id='word_1_283' title='bbox 1511 2331 1541 2381; x_wconf 86' lang='lat' dir='ltr'><strong>ab</strong></span> <span class='ocrx_word' id='word_1_284' title='bbox 1550 2345 1579 2380; x_wconf 87' lang='lat' dir='ltr'><strong>ea</strong></span> <span class='ocrx_word' id='word_1_285' title='bbox 1589 2331 1713 2382; x_wconf 85' lang='lat' dir='ltr'><strong>discedere</strong></span> <span class='ocrx_word' id='word_1_286' title='bbox 1725 2347 1778 2383; x_wconf 81' lang='lat' dir='ltr'><strong>sus·</strong></span> 
     </span>
     <span class='ocr_line' id='line_1_23' title="bbox 173 2410 1780 2494; baseline 0.001 -24"><span class='ocrx_word' id='word_1_287' title='bbox 173 2438 216 2474; x_wconf 84' lang='grc' dir='ltr'><strong>ναι</strong></span> <span class='ocrx_word' id='word_1_288' title='bbox 227 2416 276 2494; x_wconf 83' lang='grc' dir='ltr'><strong>οὐχ</strong></span> <span class='ocrx_word' id='word_1_289' title='bbox 289 2412 475 2490; x_wconf 76' lang='grc' dir='ltr'><strong>όπομένουσινς</strong></span> <span class='ocrx_word' id='word_1_290' title='bbox 484 2413 525 2471; x_wconf 87' lang='grc' dir='ltr'><strong>Ού</strong></span> <span class='ocrx_word' id='word_1_291' title='bbox 537 2410 628 2484; x_wconf 83' lang='grc' dir='ltr'><strong>δεινὸν,</strong></span> <span class='ocrx_word' id='word_1_292' title='bbox 643 2413 665 2470; x_wconf 85' lang='grc' dir='ltr'><strong>εἰ</strong></span> <span class='ocrx_word' id='word_1_293' title='bbox 678 2411 872 2494; x_wconf 79' lang='grc' dir='ltr'><strong>δάρχιτέκτων,</strong></span> <span class='ocrx_word' id='word_1_294' title='bbox 883 2417 953 2477; x_wconf 76' lang='grc' dir='ltr'><strong>καὶὸ</strong></span> <span class='ocrx_word' id='word_1_295' title='bbox 996 2417 1102 2468; x_wconf 82' lang='lat' dir='ltr'><strong>tiocant?</strong></span> <span class='ocrx_word' id='word_1_296' title='bbox 1116 2420 1199 2470; x_wconf 81' lang='lat' dir='ltr'><strong>ltouue</strong></span> <span class='ocrx_word' id='word_1_297' title='bbox 1220 2425 1289 2483; x_wconf 87' lang='lat' dir='ltr'><strong>turpe</strong></span> <span class='ocrx_word' id='word_1_298' title='bbox 1305 2423 1353 2482; x_wconf 89' lang='lat' dir='ltr'><strong>est,</strong></span> <span class='ocrx_word' id='word_1_299' title='bbox 1367 2419 1524 2469; x_wconf 88' lang='lat' dir='ltr'><strong>architectum</strong></span> <span class='ocrx_word' id='word_1_300' title='bbox 1539 2433 1567 2470; x_wconf 86' lang='lat' dir='ltr'><strong>ac</strong></span> <span class='ocrx_word' id='word_1_301' title='bbox 1581 2420 1703 2471; x_wconf 87' lang='lat' dir='ltr'><strong>medicum</strong></span> <span class='ocrx_word' id='word_1_302' title='bbox 1718 2423 1780 2472; x_wconf 86' lang='lat' dir='ltr'><strong>artis</strong></span> 
     </span>
     <span class='ocr_line' id='line_1_24' title="bbox 174 2498 1779 2585; baseline -0.001 -23"><span class='ocrx_word' id='word_1_303' title='bbox 174 2501 274 2585; x_wconf 80' lang='grc' dir='ltr'><strong>ἐατρδς,</strong></span> <span class='ocrx_word' id='word_1_304' title='bbox 290 2503 390 2580; x_wconf 79' lang='grc' dir='ltr'><strong>μᾶλλον</strong></span> <span class='ocrx_word' id='word_1_305' title='bbox 404 2499 551 2560; x_wconf 83' lang='grc' dir='ltr'><strong>αἰδέσονται</strong></span> <span class='ocrx_word' id='word_1_306' title='bbox 562 2498 605 2558; x_wconf 88' lang='grc' dir='ltr'><strong>τδν</strong></span> <span class='ocrx_word' id='word_1_307' title='bbox 619 2505 667 2572; x_wconf 81' lang='grc' dir='ltr'><strong>τῆς</strong></span> <span class='ocrx_word' id='word_1_308' title='bbox 678 2499 745 2566; x_wconf 77' lang='grc' dir='ltr'><strong>ἰδίας</strong></span> <span class='ocrx_word' id='word_1_309' title='bbox 762 2499 856 2580; x_wconf 84' lang='grc' dir='ltr'><strong>τέχνης</strong></span> <span class='ocrx_word' id='word_1_310' title='bbox 879 2503 955 2579; x_wconf 85' lang='grc' dir='ltr'><strong>λόγον</strong></span> <span class='ocrx_word' id='word_1_311' title='bbox 997 2519 1048 2556; x_wconf 79' lang='lat' dir='ltr'><strong>suae</strong></span> <span class='ocrx_word' id='word_1_312' title='bbox 1058 2507 1172 2558; x_wconf 85' lang='lat' dir='ltr'><strong>rationem</strong></span> <span class='ocrx_word' id='word_1_313' title='bbox 1184 2508 1258 2570; x_wconf 75' lang='lat' dir='ltr'><strong>magis</strong></span> <span class='ocrx_word' id='word_1_314' title='bbox 1267 2507 1359 2569; x_wconf 81' lang='lat' dir='ltr'><strong>vereri,</strong></span> <span class='ocrx_word' id='word_1_315' title='bbox 1372 2521 1443 2570; x_wconf 91' lang='lat' dir='ltr'><strong>quam</strong></span> <span class='ocrx_word' id='word_1_316' title='bbox 1453 2507 1576 2560; x_wconf 88' lang='lat' dir='ltr'><strong>bominem</strong></span> <span class='ocrx_word' id='word_1_317' title='bbox 1583 2523 1651 2560; x_wconf 87' lang='lat' dir='ltr'><strong>suam</strong></span> <span class='ocrx_word' id='word_1_318' title='bbox 1659 2510 1735 2570; x_wconf 84' lang='lat' dir='ltr'><strong>ipsius</strong></span> <span class='ocrx_word' id='word_1_319' title='bbox 1742 2524 1779 2560; x_wconf 88' lang='lat' dir='ltr'><strong>ra·</strong></span> 
     </span>
     <span class='ocr_line' id='line_1_25' title="bbox 173 2587 1524 2673; baseline -0.004 -21"><span class='ocrx_word' id='word_1_320' title='bbox 173 2591 362 2673; x_wconf 78' lang='grc' dir='ltr'><strong>ἣόάνδρωπος</strong></span> <span class='ocrx_word' id='word_1_321' title='bbox 374 2588 418 2649; x_wconf 84' lang='grc' dir='ltr'><strong>τδν</strong></span> <span class='ocrx_word' id='word_1_322' title='bbox 427 2591 534 2664; x_wconf 79' lang='grc' dir='ltr'><strong>ἑαυτοῦ,</strong></span> <span class='ocrx_word' id='word_1_323' title='bbox 547 2587 575 2657; x_wconf 77' lang='grc' dir='ltr'><strong>ὃς</strong></span> <span class='ocrx_word' id='word_1_324' title='bbox 586 2589 657 2670; x_wconf 81' lang='grc' dir='ltr'><strong>αὐτῷ</strong></span> <span class='ocrx_word' id='word_1_325' title='bbox 666 2588 748 2657; x_wconf 88' lang='grc' dir='ltr'><strong>κοινός</strong></span> <span class='ocrx_word' id='word_1_326' title='bbox 758 2591 814 2649; x_wconf 90' lang='grc' dir='ltr'><strong>ἐστι</strong></span> <span class='ocrx_word' id='word_1_327' title='bbox 822 2588 886 2673; x_wconf 89' lang='grc' dir='ltr'><strong>πρδς</strong></span> <span class='ocrx_word' id='word_1_328' title='bbox 895 2588 955 2658; x_wconf 79' lang='grc' dir='ltr'><strong>τοὺς</strong></span> <span class='ocrx_word' id='word_1_329' title='bbox 997 2595 1100 2659; x_wconf 84' lang='lat' dir='ltr'><strong>tionem,</strong></span> <span class='ocrx_word' id='word_1_330' title='bbox 1110 2608 1165 2660; x_wconf 82' lang='lat' dir='ltr'><strong>qum</strong></span> <span class='ocrx_word' id='word_1_331' title='bbox 1175 2595 1199 2646; x_wconf 92' lang='lat' dir='ltr'><strong>ei</strong></span> <span class='ocrx_word' id='word_1_332' title='bbox 1208 2609 1263 2646; x_wconf 87' lang='lat' dir='ltr'><strong>cum</strong></span> <span class='ocrx_word' id='word_1_333' title='bbox 1271 2595 1318 2647; x_wconf 90' lang='lat' dir='ltr'><strong>diis</strong></span> <span class='ocrx_word' id='word_1_334' title='bbox 1328 2597 1463 2647; x_wconf 88' lang='lat' dir='ltr'><strong>communis</strong></span> <span class='ocrx_word' id='word_1_335' title='bbox 1472 2598 1524 2648; x_wconf 81' lang='lat' dir='ltr'><strong>est?</strong></span> 
     </span>
     <span class='ocr_line' id='line_1_26' title="bbox 174 2679 258 2754; baseline -0.024 -13"><span class='ocrx_word' id='word_1_336' title='bbox 174 2679 258 2754; x_wconf 85' lang='grc' dir='ltr'><strong>θεούς;</strong></span> 
     </span>
    </p>

    <p class='ocr_par' dir='ltr' id='par_1_9' title="bbox 108 2773 1780 3391">
     <span class='ocr_line' id='line_1_27' title="bbox 213 2773 1780 2858; baseline 0 -20"><span class='ocrx_word' id='word_1_337' title='bbox 213 2779 266 2848; x_wconf 86' lang='grc' dir='ltr'><strong>λς’.</strong></span> <span class='ocrx_word' id='word_1_338' title='bbox 287 2775 322 2838; x_wconf 88' lang='grc' dir='ltr'>Ἡ</span> <span class='ocrx_word' id='word_1_339' title='bbox 335 2775 423 2850; x_wconf 81' lang='grc' dir='ltr'><strong>Ἀσία,</strong></span> <span class='ocrx_word' id='word_1_340' title='bbox 436 2779 453 2849; x_wconf 80' lang='grc' dir='ltr'>ἡ</span> <span class='ocrx_word' id='word_1_341' title='bbox 467 2773 601 2858; x_wconf 83' lang='grc' dir='ltr'><strong>Εὐρώπη,</strong></span> <span class='ocrx_word' id='word_1_342' title='bbox 612 2774 703 2854; x_wconf 86' lang='grc' dir='ltr'><strong>γωνίαι</strong></span> <span class='ocrx_word' id='word_1_343' title='bbox 715 2783 761 2838; x_wconf 78' lang='grc' dir='ltr'><strong>τοῦ</strong></span> <span class='ocrx_word' id='word_1_344' title='bbox 778 2775 887 2857; x_wconf 72' lang='grc' dir='ltr'><strong>κόσμου’</strong></span> <span class='ocrx_word' id='word_1_345' title='bbox 901 2787 953 2837; x_wconf 74' lang='grc' dir='ltr'><strong>πᾶν</strong></span> <span class='ocrx_word' id='word_1_346' title='bbox 1028 2788 1067 2835; x_wconf 85' lang='grc' dir='ltr'><strong>3ο.</strong></span> <span class='ocrx_word' id='word_1_347' title='bbox 1084 2785 1154 2847; x_wconf 80' lang='lat' dir='ltr'><strong>Asia,</strong></span> <span class='ocrx_word' id='word_1_348' title='bbox 1166 2789 1274 2849; x_wconf 81' lang='lat' dir='ltr'><strong>Europa,</strong></span> <span class='ocrx_word' id='word_1_349' title='bbox 1290 2785 1369 2848; x_wconf 78' lang='lat' dir='ltr'><strong>anguli</strong></span> <span class='ocrx_word' id='word_1_350' title='bbox 1380 2785 1465 2836; x_wconf 87' lang='lat' dir='ltr'><strong>mundi</strong></span> <span class='ocrx_word' id='word_1_351' title='bbox 1483 2803 1489 2836; x_wconf 91' lang='lat'><strong>:</strong></span> <span class='ocrx_word' id='word_1_352' title='bbox 1503 2799 1574 2837; x_wconf 89' lang='lat' dir='ltr'><strong>omne</strong></span> <span class='ocrx_word' id='word_1_353' title='bbox 1590 2801 1669 2851; x_wconf 90' lang='lat' dir='ltr'><strong>mure,</strong></span> <span class='ocrx_word' id='word_1_354' title='bbox 1683 2789 1780 2851; x_wconf 78' lang='lat' dir='ltr'><strong>guttula</strong></span> 
     </span>
     <span class='ocr_line' id='line_1_28' title="bbox 173 2861 1779 2952; baseline -0.001 -24"><span class='ocrx_word' id='word_1_355' title='bbox 173 2867 300 2948; x_wconf 84' lang='grc' dir='ltr'><strong>πέλαγος,</strong></span> <span class='ocrx_word' id='word_1_356' title='bbox 316 2863 419 2944; x_wconf 77' lang='grc' dir='ltr'><strong>σταγὼν</strong></span> <span class='ocrx_word' id='word_1_357' title='bbox 433 2869 480 2924; x_wconf 77' lang='grc' dir='ltr'><strong>τοῦ</strong></span> <span class='ocrx_word' id='word_1_358' title='bbox 493 2861 602 2944; x_wconf 88' lang='grc' dir='ltr'><strong>κόσμου·</strong></span> <span class='ocrx_word' id='word_1_359' title='bbox 615 2861 697 2934; x_wconf 82' lang='grc' dir='ltr'><strong>Ἄθως</strong></span> <span class='ocrx_word' id='word_1_360' title='bbox 713 2866 842 2952; x_wconf 89' lang='grc' dir='ltr'><strong>βωλάριον</strong></span> <span class='ocrx_word' id='word_1_361' title='bbox 856 2873 902 2928; x_wconf 78' lang='grc' dir='ltr'><strong>τοῦ</strong></span> <span class='ocrx_word' id='word_1_362' title='bbox 911 2867 954 2927; x_wconf 86' lang='grc' dir='ltr'><strong>κό-</strong></span> <span class='ocrx_word' id='word_1_363' title='bbox 997 2871 1081 2924; x_wconf 91' lang='lat' dir='ltr'><strong>mundi</strong></span> <span class='ocrx_word' id='word_1_364' title='bbox 1094 2889 1100 2922; x_wconf 76' lang='grc' dir='ltr'><strong><em>ε</em></strong></span> <span class='ocrx_word' id='word_1_365' title='bbox 1111 2874 1200 2937; x_wconf 80' lang='lat' dir='ltr'><strong>Attius,</strong></span> <span class='ocrx_word' id='word_1_366' title='bbox 1210 2874 1303 2938; x_wconf 78' lang='lat' dir='ltr'><strong>glebula</strong></span> <span class='ocrx_word' id='word_1_367' title='bbox 1312 2874 1412 2924; x_wconf 89' lang='lat' dir='ltr'><strong>mundi:</strong></span> <span class='ocrx_word' id='word_1_368' title='bbox 1426 2889 1497 2926; x_wconf 93' lang='lat' dir='ltr'><strong>omne</strong></span> <span class='ocrx_word' id='word_1_369' title='bbox 1511 2876 1575 2940; x_wconf 90' lang='lat' dir='ltr'><strong>quod</strong></span> <span class='ocrx_word' id='word_1_370' title='bbox 1586 2877 1659 2927; x_wconf 90' lang='lat' dir='ltr'><strong>instat</strong></span> <span class='ocrx_word' id='word_1_371' title='bbox 1666 2883 1765 2938; x_wconf 85' lang='lat' dir='ltr'><strong>tompus</strong></span> <span class='ocrx_word' id='word_1_372' title='bbox 1770 2913 1779 2940; x_wconf 89' lang='lat'><strong>,</strong></span> 
     </span>
     <span class='ocr_line' id='line_1_29' title="bbox 175 2951 1780 3036; baseline 0 -20"><span class='ocrx_word' id='word_1_373' title='bbox 175 2979 251 3036; x_wconf 90' lang='grc' dir='ltr'><strong>σμου·</strong></span> <span class='ocrx_word' id='word_1_374' title='bbox 266 2963 318 3016; x_wconf 76' lang='grc' dir='ltr'><strong>πᾶν</strong></span> <span class='ocrx_word' id='word_1_375' title='bbox 332 2953 363 3014; x_wconf 88' lang='grc' dir='ltr'><strong>τδ</strong></span> <span class='ocrx_word' id='word_1_376' title='bbox 377 2951 485 3020; x_wconf 84' lang='grc' dir='ltr'><strong>ἐνεστὼς</strong></span> <span class='ocrx_word' id='word_1_377' title='bbox 497 2958 542 3012; x_wconf 77' lang='grc' dir='ltr'><strong>τοῦ</strong></span> <span class='ocrx_word' id='word_1_378' title='bbox 560 2953 668 3034; x_wconf 89' lang='grc' dir='ltr'><strong>χρόνου,</strong></span> <span class='ocrx_word' id='word_1_379' title='bbox 682 2955 777 3034; x_wconf 80' lang='grc' dir='ltr'><strong>στιγμὴ</strong></span> <span class='ocrx_word' id='word_1_380' title='bbox 792 2962 837 3016; x_wconf 82' lang='grc' dir='ltr'><strong>τοῦ</strong></span> <span class='ocrx_word' id='word_1_381' title='bbox 853 2959 952 3026; x_wconf 81' lang='grc' dir='ltr'><strong>αἰῶνος.</strong></span> <span class='ocrx_word' id='word_1_382' title='bbox 998 2965 1113 3026; x_wconf 89' lang='lat' dir='ltr'><strong>punctum</strong></span> <span class='ocrx_word' id='word_1_383' title='bbox 1125 2963 1172 3012; x_wconf 80' lang='lat' dir='ltr'><strong>mvi</strong></span> <span class='ocrx_word' id='word_1_384' title='bbox 1183 2977 1189 3012; x_wconf 92' lang='lat'><strong>:</strong></span> <span class='ocrx_word' id='word_1_385' title='bbox 1201 2963 1281 3013; x_wconf 90' lang='lat' dir='ltr'><strong>omnia</strong></span> <span class='ocrx_word' id='word_1_386' title='bbox 1287 2977 1377 3026; x_wconf 87' lang='lat' dir='ltr'><strong>parra,</strong></span> <span class='ocrx_word' id='word_1_387' title='bbox 1389 2963 1605 3027; x_wconf 82' lang='lat' dir='ltr'><strong>caduca,eranida</strong></span> <span class='ocrx_word' id='word_1_388' title='bbox 1616 2981 1622 3015; x_wconf 94' lang='lat'><strong>:</strong></span> <span class='ocrx_word' id='word_1_389' title='bbox 1633 2965 1713 3016; x_wconf 89' lang='lat' dir='ltr'><strong>omnia</strong></span> <span class='ocrx_word' id='word_1_390' title='bbox 1722 2965 1780 3017; x_wconf 86' lang='lat' dir='ltr'><strong>inde</strong></span> 
     </span>
     <span class='ocr_line' id='line_1_30' title="bbox 108 3041 1779 3128; baseline -0.001 -23"><span class='ocrx_word' id='word_1_391' title='bbox 108 3120 112 3128; x_wconf 33' lang='grc' dir='ltr'>Ι</span> <span class='ocrx_word' id='word_1_392' title='bbox 174 3045 268 3105; x_wconf 85' lang='grc' dir='ltr'><strong>Πάντα</strong></span> <span class='ocrx_word' id='word_1_393' title='bbox 277 3041 368 3124; x_wconf 73' lang='grc' dir='ltr'><strong>μικρά,</strong></span> <span class='ocrx_word' id='word_1_394' title='bbox 376 3041 731 3124; x_wconf 84' lang='grc' dir='ltr'><strong>εύτρεπτα,ἐναφανιζόμενα.</strong></span> <span class='ocrx_word' id='word_1_395' title='bbox 754 3043 848 3105; x_wconf 84' lang='grc' dir='ltr'><strong>Πάντα</strong></span> <span class='ocrx_word' id='word_1_396' title='bbox 859 3047 954 3106; x_wconf 82' lang='grc' dir='ltr'><strong>ἐκεῖθεν</strong></span> <span class='ocrx_word' id='word_1_397' title='bbox 998 3051 1110 3114; x_wconf 79' lang='lat' dir='ltr'><strong>veniunt,</strong></span> <span class='ocrx_word' id='word_1_398' title='bbox 1123 3064 1137 3099; x_wconf 88' lang='lat' dir='ltr'><strong>a</strong></span> <span class='ocrx_word' id='word_1_399' title='bbox 1148 3053 1268 3100; x_wconf 87' lang='lat' dir='ltr'><strong>communi</strong></span> <span class='ocrx_word' id='word_1_400' title='bbox 1280 3051 1320 3101; x_wconf 93' lang='lat' dir='ltr'><strong>illo</strong></span> <span class='ocrx_word' id='word_1_401' title='bbox 1331 3052 1465 3116; x_wconf 88' lang='lat' dir='ltr'><strong>principatu</strong></span> <span class='ocrx_word' id='word_1_402' title='bbox 1474 3053 1592 3116; x_wconf 86' lang='lat' dir='ltr'><strong>pmieota,</strong></span> <span class='ocrx_word' id='word_1_403' title='bbox 1602 3053 1640 3104; x_wconf 87' lang='lat' dir='ltr'><strong>rel</strong></span> <span class='ocrx_word' id='word_1_404' title='bbox 1647 3067 1779 3117; x_wconf 83' lang='lat' dir='ltr'><strong>perconsu-</strong></span> 
     </span>
     <span class='ocr_line' id='line_1_31' title="bbox 175 3129 1780 3216; baseline 0 -24"><span class='ocrx_word' id='word_1_405' title='bbox 175 3132 292 3216; x_wconf 81' lang='grc' dir='ltr'><strong>ἔρχεται,</strong></span> <span class='ocrx_word' id='word_1_406' title='bbox 305 3132 351 3191; x_wconf 83' lang='grc' dir='ltr'><strong>ἀπ’</strong></span> <span class='ocrx_word' id='word_1_407' title='bbox 362 3129 460 3191; x_wconf 87' lang='grc' dir='ltr'><strong>ἐκείνου</strong></span> <span class='ocrx_word' id='word_1_408' title='bbox 470 3136 516 3190; x_wconf 81' lang='grc' dir='ltr'><strong>τοῦ</strong></span> <span class='ocrx_word' id='word_1_409' title='bbox 527 3135 776 3211; x_wconf 78' lang='grc' dir='ltr'><strong>κοινοῦὴγεμονικοῦ</strong></span> <span class='ocrx_word' id='word_1_410' title='bbox 786 3133 954 3214; x_wconf 75' lang='grc' dir='ltr'><strong>ὁρμήσαντα,</strong></span> <span class='ocrx_word' id='word_1_411' title='bbox 997 3139 1128 3202; x_wconf 81' lang='lat' dir='ltr'><strong>quantiam.</strong></span> <span class='ocrx_word' id='word_1_412' title='bbox 1159 3143 1243 3202; x_wconf 82' lang='lat' dir='ltr'><strong>ltaque</strong></span> <span class='ocrx_word' id='word_1_413' title='bbox 1260 3139 1332 3190; x_wconf 87' lang='lat' dir='ltr'><strong>etiam</strong></span> <span class='ocrx_word' id='word_1_414' title='bbox 1350 3138 1426 3190; x_wconf 90' lang='lat' dir='ltr'><strong>leonis</strong></span> <span class='ocrx_word' id='word_1_415' title='bbox 1440 3141 1683 3192; x_wconf 86' lang='lat' dir='ltr'><strong>rictusetrenenum</strong></span> <span class='ocrx_word' id='word_1_416' title='bbox 1694 3142 1780 3192; x_wconf 86' lang='lat' dir='ltr'><strong>morti·</strong></span> 
     </span>
     <span class='ocr_line' id='line_1_32' title="bbox 174 3212 1780 3300; baseline 0.001 -21"><span class='ocrx_word' id='word_1_417' title='bbox 174 3220 191 3294; x_wconf 76' lang='grc' dir='ltr'><strong>ἣ</strong></span> <span class='ocrx_word' id='word_1_418' title='bbox 205 3221 262 3282; x_wconf 83' lang='grc' dir='ltr'><strong>κατ’</strong></span> <span class='ocrx_word' id='word_1_419' title='bbox 272 3219 487 3294; x_wconf 67' lang='grc' dir='ltr'><strong>ἐπακολούθησιν.</strong></span> <span class='ocrx_word' id='word_1_420' title='bbox 521 3217 576 3280; x_wconf 81' lang='grc' dir='ltr'><strong>Καὶ</strong></span> <span class='ocrx_word' id='word_1_421' title='bbox 587 3219 618 3278; x_wconf 90' lang='grc' dir='ltr'><strong>τδ</strong></span> <span class='ocrx_word' id='word_1_422' title='bbox 627 3219 721 3300; x_wconf 85' lang='grc' dir='ltr'><strong>χάσμα</strong></span> <span class='ocrx_word' id='word_1_423' title='bbox 730 3212 773 3280; x_wconf 83' lang='grc' dir='ltr'><strong>ούν</strong></span> <span class='ocrx_word' id='word_1_424' title='bbox 783 3227 828 3281; x_wconf 81' lang='grc' dir='ltr'><strong>τοῦ</strong></span> <span class='ocrx_word' id='word_1_425' title='bbox 840 3222 954 3300; x_wconf 75' lang='grc' dir='ltr'><strong>λέοντος,</strong></span> <span class='ocrx_word' id='word_1_426' title='bbox 998 3229 1075 3278; x_wconf 88' lang='lat' dir='ltr'><strong>serum</strong></span> <span class='ocrx_word' id='word_1_427' title='bbox 1085 3231 1110 3278; x_wconf 91' lang='lat' dir='ltr'><strong>et</strong></span> <span class='ocrx_word' id='word_1_428' title='bbox 1118 3228 1218 3277; x_wconf 82' lang='lat' dir='ltr'><strong>noxium</strong></span> <span class='ocrx_word' id='word_1_429' title='bbox 1225 3227 1336 3291; x_wconf 82' lang='lat' dir='ltr'><strong>quidvis,</strong></span> <span class='ocrx_word' id='word_1_430' title='bbox 1348 3232 1376 3278; x_wconf 88' lang='lat' dir='ltr'><strong>ut</strong></span> <span class='ocrx_word' id='word_1_431' title='bbox 1385 3229 1464 3293; x_wconf 86' lang='lat' dir='ltr'><strong>spina,</strong></span> <span class='ocrx_word' id='word_1_432' title='bbox 1474 3234 1501 3280; x_wconf 89' lang='lat' dir='ltr'><strong>ut</strong></span> <span class='ocrx_word' id='word_1_433' title='bbox 1518 3229 1595 3280; x_wconf 91' lang='lat' dir='ltr'><strong>lutum</strong></span> <span class='ocrx_word' id='word_1_434' title='bbox 1603 3265 1611 3292; x_wconf 93' lang='lat'><strong>,</strong></span> <span class='ocrx_word' id='word_1_435' title='bbox 1624 3231 1780 3281; x_wconf 75' lang='lat' dir='ltr'><strong>bonestorum</strong></span> 
     </span>
     <span class='ocr_line' id='line_1_33' title="bbox 175 3309 1780 3391; baseline 0.002 -26"><span class='ocrx_word' id='word_1_436' title='bbox 175 3312 221 3374; x_wconf 73' lang='grc' dir='ltr'><strong>καὶ</strong></span> <span class='ocrx_word' id='word_1_437' title='bbox 231 3312 261 3372; x_wconf 70' lang='grc' dir='ltr'><strong>οδ</strong></span> <span class='ocrx_word' id='word_1_438' title='bbox 274 3311 441 3391; x_wconf 76' lang='grc' dir='ltr'><strong>δηλητήριον,</strong></span> <span class='ocrx_word' id='word_1_439' title='bbox 461 3309 506 3370; x_wconf 79' lang='grc' dir='ltr'><strong>καί</strong></span> <span class='ocrx_word' id='word_1_440' title='bbox 521 3319 594 3371; x_wconf 76' lang='grc' dir='ltr'><strong>πᾶσα</strong></span> <span class='ocrx_word' id='word_1_441' title='bbox 608 3310 767 3391; x_wconf 79' lang='grc' dir='ltr'><strong>κακουργία,</strong></span> <span class='ocrx_word' id='word_1_442' title='bbox 788 3315 823 3381; x_wconf 78' lang='grc' dir='ltr'><strong>ὡς</strong></span> <span class='ocrx_word' id='word_1_443' title='bbox 837 3313 954 3390; x_wconf 73' lang='grc' dir='ltr'><strong>ἄκανθα,</strong></span> <span class='ocrx_word' id='word_1_444' title='bbox 997 3316 1122 3367; x_wconf 84' lang='lat' dir='ltr'><strong>illarumet</strong></span> <span class='ocrx_word' id='word_1_445' title='bbox 1134 3316 1268 3379; x_wconf 89' lang='lat' dir='ltr'><strong>pulcrarum</strong></span> <span class='ocrx_word' id='word_1_446' title='bbox 1277 3329 1357 3368; x_wconf 87' lang='lat' dir='ltr'><strong>rerum</strong></span> <span class='ocrx_word' id='word_1_447' title='bbox 1366 3317 1510 3382; x_wconf 84' lang='lat' dir='ltr'><strong>appendices</strong></span> <span class='ocrx_word' id='word_1_448' title='bbox 1521 3325 1614 3382; x_wconf 76' lang='lat' dir='ltr'><strong>agnatae</strong></span> <span class='ocrx_word' id='word_1_449' title='bbox 1626 3324 1691 3369; x_wconf 80' lang='lat' dir='ltr'><strong>sunt</strong></span> <span class='ocrx_word' id='word_1_450' title='bbox 1723 3319 1780 3370; x_wconf 85' lang='lat' dir='ltr'><strong>ltoli</strong></span> 
     </span>
    </p>
   </div>
   <div class='ocr_carea' id='block_1_8' title="bbox 174 3397 1897 3482">
    <p class='ocr_par' dir='ltr' id='par_1_10' title="bbox 174 3397 1897 3482">
     <span class='ocr_line' id='line_1_34' title="bbox 174 3397 1897 3482; baseline -0.002 -24"><span class='ocrx_word' id='word_1_451' title='bbox 174 3405 209 3468; x_wconf 81' lang='grc' dir='ltr'><strong>ὡς</strong></span> <span class='ocrx_word' id='word_1_452' title='bbox 229 3399 365 3482; x_wconf 80' lang='grc' dir='ltr'><strong>βόρόορος,</strong></span> <span class='ocrx_word' id='word_1_453' title='bbox 385 3397 489 3458; x_wconf 80' lang='grc' dir='ltr'><strong>ἐκείνων</strong></span> <span class='ocrx_word' id='word_1_454' title='bbox 507 3399 702 3478; x_wconf 77' lang='grc' dir='ltr'><strong>ἐπιγεννήματα</strong></span> <span class='ocrx_word' id='word_1_455' title='bbox 720 3404 771 3460; x_wconf 89' lang='grc' dir='ltr'><strong>τῶν</strong></span> <span class='ocrx_word' id='word_1_456' title='bbox 790 3405 892 3480; x_wconf 83' lang='grc' dir='ltr'><strong>σεμνῶν</strong></span> <span class='ocrx_word' id='word_1_457' title='bbox 910 3403 954 3463; x_wconf 75' lang='grc' dir='ltr'><strong>καὶ</strong></span> <span class='ocrx_word' id='word_1_458' title='bbox 997 3405 1145 3468; x_wconf 80' lang='lat' dir='ltr'><strong>igitureaub</strong></span> <span class='ocrx_word' id='word_1_459' title='bbox 1154 3418 1196 3466; x_wconf 92' lang='lat' dir='ltr'><strong>eo,</strong></span> <span class='ocrx_word' id='word_1_460' title='bbox 1209 3417 1281 3468; x_wconf 89' lang='lat' dir='ltr'><strong>quern</strong></span> <span class='ocrx_word' id='word_1_461' title='bbox 1290 3405 1452 3470; x_wconf 83' lang='lat' dir='ltr'><strong>colis,alicns</strong></span> <span class='ocrx_word' id='word_1_462' title='bbox 1461 3407 1551 3471; x_wconf 88' lang='lat' dir='ltr'><strong>opinari</strong></span> <span class='ocrx_word' id='word_1_463' title='bbox 1557 3419 1660 3470; x_wconf 84' lang='lat' dir='ltr'><strong>,rerum</strong></span> <span class='ocrx_word' id='word_1_464' title='bbox 1669 3407 1780 3458; x_wconf 89' lang='lat' dir='ltr'><strong>omnium</strong></span> <span class='ocrx_word' id='word_1_465' title='bbox 1887 3439 1897 3454; x_wconf 92' lang='lat'><em>.</em></span> 
     </span>
    </p>
   </div>
   <div class='ocr_carea' id='block_1_9' title="bbox 174 3479 1313 3657">
    <p class='ocr_par' dir='ltr' id='par_1_11' title="bbox 174 3479 1313 3657">
     <span class='ocr_line' id='line_1_35' title="bbox 174 3479 1313 3574; baseline 0.002 -26"><span class='ocrx_word' id='word_1_466' title='bbox 174 3491 271 3548; x_wconf 81' lang='grc' dir='ltr'><strong>καλῶν.</strong></span> <span class='ocrx_word' id='word_1_467' title='bbox 293 3485 340 3559; x_wconf 78' lang='grc' dir='ltr'><strong>Μὴ</strong></span> <span class='ocrx_word' id='word_1_468' title='bbox 352 3479 396 3545; x_wconf 81' lang='grc' dir='ltr'><strong>σύν</strong></span> <span class='ocrx_word' id='word_1_469' title='bbox 408 3485 475 3546; x_wconf 86' lang='grc' dir='ltr'><strong>αύτδι</strong></span> <span class='ocrx_word' id='word_1_470' title='bbox 487 3485 611 3568; x_wconf 86' lang='grc' dir='ltr'><strong>άλλύτρια</strong></span> <span class='ocrx_word' id='word_1_471' title='bbox 624 3486 730 3564; x_wconf 90' lang='grc' dir='ltr'><strong>τούτου,</strong></span> <span class='ocrx_word' id='word_1_472' title='bbox 746 3480 775 3548; x_wconf 76' lang='grc' dir='ltr'><strong>ού</strong></span> <span class='ocrx_word' id='word_1_473' title='bbox 785 3489 881 3567; x_wconf 82' lang='grc' dir='ltr'><strong>σέόεις,</strong></span> <span class='ocrx_word' id='word_1_474' title='bbox 892 3515 955 3574; x_wconf 92' lang='grc' dir='ltr'><strong>φαν-</strong></span> <span class='ocrx_word' id='word_1_475' title='bbox 998 3493 1088 3545; x_wconf 74' lang='lat' dir='ltr'><strong>sontem</strong></span> <span class='ocrx_word' id='word_1_476' title='bbox 1098 3498 1175 3544; x_wconf 69' lang='lat' dir='ltr'><strong>lecum</strong></span> <span class='ocrx_word' id='word_1_477' title='bbox 1185 3493 1313 3557; x_wconf 67' lang='lat' dir='ltr'><strong>perpende·</strong></span> 
     </span>
     <span class='ocr_line' id='line_1_36' title="bbox 174 3573 795 3657; baseline 0.005 -21"><span class='ocrx_word' id='word_1_478' title='bbox 174 3575 262 3646; x_wconf 84' lang='grc' dir='ltr'><strong>τάζου·</strong></span> <span class='ocrx_word' id='word_1_479' title='bbox 278 3573 346 3635; x_wconf 76' lang='grc' dir='ltr'><strong>ἀλλὰ</strong></span> <span class='ocrx_word' id='word_1_480' title='bbox 360 3573 407 3646; x_wconf 74' lang='grc' dir='ltr'><strong>τὴν</strong></span> <span class='ocrx_word' id='word_1_481' title='bbox 421 3573 526 3633; x_wconf 86' lang='grc' dir='ltr'><strong>πάντων</strong></span> <span class='ocrx_word' id='word_1_482' title='bbox 538 3575 626 3656; x_wconf 78' lang='grc' dir='ltr'><strong>πηγὴν</strong></span> <span class='ocrx_word' id='word_1_483' title='bbox 640 3577 795 3657; x_wconf 83' lang='grc' dir='ltr'><strong>ἐπιλογίζου.</strong></span> 
     </span>
    </p>
   </div>
   <div class='ocr_carea' id='block_1_10' title="bbox 174 3668 1780 4467">
    <p class='ocr_par' dir='ltr' id='par_1_12' title="bbox 174 3668 1780 3933">
     <span class='ocr_line' id='line_1_37' title="bbox 213 3668 1780 3754; baseline 0.004 -21"><span class='ocrx_word' id='word_1_484' title='bbox 213 3673 262 3742; x_wconf 78' lang='grc' dir='ltr'><strong>λζ’.</strong></span> <span class='ocrx_word' id='word_1_485' title='bbox 284 3671 318 3733; x_wconf 83' lang='lat'><strong>‘0</strong></span> <span class='ocrx_word' id='word_1_486' title='bbox 329 3668 363 3730; x_wconf 77' lang='grc' dir='ltr'><strong>τδ</strong></span> <span class='ocrx_word' id='word_1_487' title='bbox 372 3677 416 3730; x_wconf 80' lang='grc' dir='ltr'><strong>νῦν</strong></span> <span class='ocrx_word' id='word_1_488' title='bbox 427 3668 498 3746; x_wconf 83' lang='grc' dir='ltr'><strong>ἰδών,</strong></span> <span class='ocrx_word' id='word_1_489' title='bbox 509 3671 595 3731; x_wconf 87' lang='grc' dir='ltr'><strong>πάντα</strong></span> <span class='ocrx_word' id='word_1_490' title='bbox 607 3670 729 3754; x_wconf 77' lang='grc' dir='ltr'><strong>ἑώρακεν,</strong></span> <span class='ocrx_word' id='word_1_491' title='bbox 737 3673 786 3734; x_wconf 81' lang='grc' dir='ltr'><strong>ὅσα</strong></span> <span class='ocrx_word' id='word_1_492' title='bbox 796 3699 824 3735; x_wconf 89' lang='grc' dir='ltr'><strong>τε</strong></span> <span class='ocrx_word' id='word_1_493' title='bbox 836 3675 861 3746; x_wconf 80' lang='grc' dir='ltr'><strong>ἐξ</strong></span> <span class='ocrx_word' id='word_1_494' title='bbox 872 3675 955 3737; x_wconf 79' lang='grc' dir='ltr'><strong>ἀϊδίου</strong></span> <span class='ocrx_word' id='word_1_495' title='bbox 1030 3692 1069 3740; x_wconf 87' lang='grc'><strong>37.</strong></span> <span class='ocrx_word' id='word_1_496' title='bbox 1086 3687 1135 3747; x_wconf 84' lang='lat' dir='ltr'><strong>Qui</strong></span> <span class='ocrx_word' id='word_1_497' title='bbox 1150 3687 1278 3751; x_wconf 85' lang='lat' dir='ltr'><strong>praesentia</strong></span> <span class='ocrx_word' id='word_1_498' title='bbox 1289 3687 1378 3751; x_wconf 76' lang='lat' dir='ltr'><strong>terruit,</strong></span> <span class='ocrx_word' id='word_1_499' title='bbox 1394 3687 1475 3738; x_wconf 83' lang='lat' dir='ltr'><strong>omnia</strong></span> <span class='ocrx_word' id='word_1_500' title='bbox 1486 3687 1558 3749; x_wconf 81' lang='lat' dir='ltr'><strong>vidit,</strong></span> <span class='ocrx_word' id='word_1_501' title='bbox 1573 3701 1628 3752; x_wconf 80' lang='lat' dir='ltr'><strong>quac</strong></span> <span class='ocrx_word' id='word_1_502' title='bbox 1644 3688 1674 3738; x_wconf 90' lang='lat' dir='ltr'><strong>ab</strong></span> <span class='ocrx_word' id='word_1_503' title='bbox 1688 3689 1780 3740; x_wconf 79' lang='lat' dir='ltr'><strong>artemo</strong></span> 
     </span>
     <span class='ocr_line' id='line_1_38' title="bbox 175 3759 1779 3847; baseline 0.004 -25"><span class='ocrx_word' id='word_1_504' title='bbox 175 3761 288 3841; x_wconf 85' lang='grc' dir='ltr'><strong>ἐγένετο,</strong></span> <span class='ocrx_word' id='word_1_505' title='bbox 302 3760 348 3821; x_wconf 81' lang='grc' dir='ltr'><strong>καί</strong></span> <span class='ocrx_word' id='word_1_506' title='bbox 359 3759 408 3820; x_wconf 80' lang='grc' dir='ltr'><strong>ὅσα</strong></span> <span class='ocrx_word' id='word_1_507' title='bbox 422 3763 458 3828; x_wconf 86' lang='grc' dir='ltr'><strong>εἷς</strong></span> <span class='ocrx_word' id='word_1_508' title='bbox 471 3759 501 3820; x_wconf 78' lang='lat' dir='ltr'><strong>rb</strong></span> <span class='ocrx_word' id='word_1_509' title='bbox 512 3759 617 3843; x_wconf 77' lang='grc' dir='ltr'><strong>ἄπειρον</strong></span> <span class='ocrx_word' id='word_1_510' title='bbox 632 3760 720 3822; x_wconf 83' lang='grc' dir='ltr'><strong>ἔσται·</strong></span> <span class='ocrx_word' id='word_1_511' title='bbox 732 3762 818 3822; x_wconf 86' lang='grc' dir='ltr'><strong>πάντα</strong></span> <span class='ocrx_word' id='word_1_512' title='bbox 832 3763 882 3847; x_wconf 76' lang='grc' dir='ltr'><strong>γὰρ</strong></span> <span class='ocrx_word' id='word_1_513' title='bbox 895 3770 956 3844; x_wconf 87' lang='grc' dir='ltr'><strong>δμο-</strong></span> <span class='ocrx_word' id='word_1_514' title='bbox 999 3776 1096 3826; x_wconf 84' lang='lat' dir='ltr'><strong>luerunt</strong></span> <span class='ocrx_word' id='word_1_515' title='bbox 1106 3779 1131 3826; x_wconf 84' lang='lat' dir='ltr'><strong>et</strong></span> <span class='ocrx_word' id='word_1_516' title='bbox 1144 3775 1169 3825; x_wconf 94' lang='lat' dir='ltr'><strong>in</strong></span> <span class='ocrx_word' id='word_1_517' title='bbox 1178 3776 1297 3826; x_wconf 81' lang='lat' dir='ltr'><strong>inlinitum</strong></span> <span class='ocrx_word' id='word_1_518' title='bbox 1311 3789 1389 3840; x_wconf 85' lang='lat' dir='ltr'><strong>usque</strong></span> <span class='ocrx_word' id='word_1_519' title='bbox 1397 3779 1469 3827; x_wconf 87' lang='lat' dir='ltr'><strong>erunt</strong></span> <span class='ocrx_word' id='word_1_520' title='bbox 1482 3791 1488 3824; x_wconf 93' lang='lat'>:</span> <span class='ocrx_word' id='word_1_521' title='bbox 1502 3777 1582 3827; x_wconf 87' lang='lat' dir='ltr'><strong>omnia</strong></span> <span class='ocrx_word' id='word_1_522' title='bbox 1594 3778 1658 3828; x_wconf 85' lang='lat' dir='ltr'><strong>enim</strong></span> <span class='ocrx_word' id='word_1_523' title='bbox 1669 3777 1779 3841; x_wconf 76' lang='lat' dir='ltr'><strong>eiusdem</strong></span> 
     </span>
     <span class='ocr_line' id='line_1_39' title="bbox 174 3849 1425 3933; baseline 0.003 -23"><span class='ocrx_word' id='word_1_524' title='bbox 174 3855 251 3933; x_wconf 79' lang='grc' dir='ltr'><strong>γενῆ,</strong></span> <span class='ocrx_word' id='word_1_525' title='bbox 265 3849 311 3909; x_wconf 83' lang='grc' dir='ltr'><strong>καὶ</strong></span> <span class='ocrx_word' id='word_1_526' title='bbox 325 3850 441 3928; x_wconf 79' lang='grc' dir='ltr'><strong>ὁμοειδῆ.</strong></span> <span class='ocrx_word' id='word_1_527' title='bbox 998 3863 1090 3929; x_wconf 79' lang='lat' dir='ltr'><strong>generis</strong></span> <span class='ocrx_word' id='word_1_528' title='bbox 1102 3863 1257 3928; x_wconf 83' lang='lat' dir='ltr'><strong>ejusdemque</strong></span> <span class='ocrx_word' id='word_1_529' title='bbox 1268 3866 1351 3915; x_wconf 79' lang='lat' dir='ltr'><strong>sermm</strong></span> <span class='ocrx_word' id='word_1_530' title='bbox 1362 3869 1425 3916; x_wconf 86' lang='lat' dir='ltr'><strong>suut.</strong></span> 
     </span>
    </p>

    <p class='ocr_par' dir='ltr' id='par_1_13' title="bbox 175 3945 1780 4467">
     <span class='ocr_line' id='line_1_40' title="bbox 213 3945 1780 4026; baseline -0.002 -19"><span class='ocrx_word' id='word_1_531' title='bbox 213 3948 266 4022; x_wconf 80' lang='grc' dir='ltr'><strong>λη’.</strong></span> <span class='ocrx_word' id='word_1_532' title='bbox 290 3945 425 4015; x_wconf 89' lang='grc' dir='ltr'><strong>Πολλάκις</strong></span> <span class='ocrx_word' id='word_1_533' title='bbox 439 3947 548 4026; x_wconf 81' lang='grc' dir='ltr'><strong>ἐνθυμοῦ</strong></span> <span class='ocrx_word' id='word_1_534' title='bbox 558 3945 605 4018; x_wconf 76' lang='grc' dir='ltr'><strong>’τὴν</strong></span> <span class='ocrx_word' id='word_1_535' title='bbox 620 3945 782 4008; x_wconf 83' lang='grc' dir='ltr'><strong>ἐπισύνδεσιν</strong></span> <span class='ocrx_word' id='word_1_536' title='bbox 791 3947 895 4008; x_wconf 90' lang='grc' dir='ltr'><strong>πάντων</strong></span> <span class='ocrx_word' id='word_1_537' title='bbox 904 3953 955 4010; x_wconf 88' lang='grc' dir='ltr'><strong>τῶν</strong></span> <span class='ocrx_word' id='word_1_538' title='bbox 1030 3959 1068 4005; x_wconf 81' lang='grc'><strong>38.</strong></span> <span class='ocrx_word' id='word_1_539' title='bbox 1080 3957 1149 4017; x_wconf 69' lang='lat' dir='ltr'><strong>Saepe</strong></span> <span class='ocrx_word' id='word_1_540' title='bbox 1159 3958 1238 4004; x_wconf 86' lang='lat' dir='ltr'><strong>tecum</strong></span> <span class='ocrx_word' id='word_1_541' title='bbox 1246 3953 1365 4018; x_wconf 89' lang='lat' dir='ltr'><strong>perpende</strong></span> <span class='ocrx_word' id='word_1_542' title='bbox 1373 3967 1454 4005; x_wconf 87' lang='lat' dir='ltr'><strong>rerum</strong></span> <span class='ocrx_word' id='word_1_543' title='bbox 1460 3954 1579 4017; x_wconf 90' lang='lat' dir='ltr'><strong>omnium,</strong></span> <span class='ocrx_word' id='word_1_544' title='bbox 1589 3967 1644 4018; x_wconf 82' lang='lat' dir='ltr'><strong>quoe</strong></span> <span class='ocrx_word' id='word_1_545' title='bbox 1651 3954 1676 4004; x_wconf 94' lang='lat' dir='ltr'><strong>in</strong></span> <span class='ocrx_word' id='word_1_546' title='bbox 1689 3954 1780 4006; x_wconf 91' lang='lat' dir='ltr'><strong>mundo</strong></span> 
     </span>
     <span class='ocr_line' id='line_1_41' title="bbox 175 4033 1780 4122; baseline -0.002 -25"><span class='ocrx_word' id='word_1_547' title='bbox 175 4039 201 4097; x_wconf 86' lang='grc' dir='ltr'><strong>ἐν</strong></span> <span class='ocrx_word' id='word_1_548' title='bbox 216 4040 254 4117; x_wconf 83' lang='grc' dir='ltr'><strong>τῷ</strong></span> <span class='ocrx_word' id='word_1_549' title='bbox 268 4034 359 4116; x_wconf 83' lang='grc' dir='ltr'><strong>κόσμῳ</strong></span> <span class='ocrx_word' id='word_1_550' title='bbox 365 4055 381 4109; x_wconf 85' lang='grc'><strong>,·</strong></span> <span class='ocrx_word' id='word_1_551' title='bbox 387 4035 432 4093; x_wconf 81' lang='grc' dir='ltr'><strong>καί</strong></span> <span class='ocrx_word' id='word_1_552' title='bbox 444 4033 534 4116; x_wconf 81' lang='grc' dir='ltr'><strong>σχέσιν</strong></span> <span class='ocrx_word' id='word_1_553' title='bbox 550 4034 615 4117; x_wconf 84' lang='grc' dir='ltr'><strong>πρὸς</strong></span> <span class='ocrx_word' id='word_1_554' title='bbox 631 4035 744 4109; x_wconf 83' lang='grc' dir='ltr'><strong>άλληλα.</strong></span> <span class='ocrx_word' id='word_1_555' title='bbox 785 4037 889 4118; x_wconf 87' lang='grc' dir='ltr'><strong>Τρόπον</strong></span> <span class='ocrx_word' id='word_1_556' title='bbox 906 4039 956 4122; x_wconf 88' lang='grc' dir='ltr'><strong>γάρ</strong></span> <span class='ocrx_word' id='word_1_557' title='bbox 999 4047 1068 4105; x_wconf 87' lang='lat' dir='ltr'><strong>sunt,</strong></span> <span class='ocrx_word' id='word_1_558' title='bbox 1078 4055 1213 4093; x_wconf 88' lang='lat' dir='ltr'><strong>connexum</strong></span> <span class='ocrx_word' id='word_1_559' title='bbox 1223 4045 1367 4094; x_wconf 87' lang='lat' dir='ltr'><strong>etmutuarn</strong></span> <span class='ocrx_word' id='word_1_560' title='bbox 1377 4042 1494 4095; x_wconf 88' lang='lat' dir='ltr'><strong>rationem</strong></span> <span class='ocrx_word' id='word_1_561' title='bbox 1508 4059 1515 4093; x_wconf 92' lang='lat'>:</span> <span class='ocrx_word' id='word_1_562' title='bbox 1528 4042 1705 4108; x_wconf 90' lang='lat' dir='ltr'><strong>quodammodo</strong></span> <span class='ocrx_word' id='word_1_563' title='bbox 1714 4043 1780 4094; x_wconf 88' lang='lat' dir='ltr'><strong>enim</strong></span> 
     </span>
     <span class='ocr_line' id='line_1_42' title="bbox 175 4121 1779 4200; baseline -0.001 -15"><span class='ocrx_word' id='word_1_564' title='bbox 175 4148 234 4186; x_wconf 87' lang='grc' dir='ltr'><strong>τινα</strong></span> <span class='ocrx_word' id='word_1_565' title='bbox 254 4123 343 4184; x_wconf 89' lang='grc' dir='ltr'><strong>πάντα</strong></span> <span class='ocrx_word' id='word_1_566' title='bbox 359 4121 482 4196; x_wconf 74' lang='grc' dir='ltr'><strong>ἀλλήλοις</strong></span> <span class='ocrx_word' id='word_1_567' title='bbox 498 4123 704 4200; x_wconf 89' lang='grc' dir='ltr'><strong>ἐπιπέπλεκται,</strong></span> <span class='ocrx_word' id='word_1_568' title='bbox 721 4125 766 4185; x_wconf 84' lang='grc' dir='ltr'><strong>καλ</strong></span> <span class='ocrx_word' id='word_1_569' title='bbox 783 4124 870 4185; x_wconf 88' lang='grc' dir='ltr'><strong>πάντα</strong></span> <span class='ocrx_word' id='word_1_570' title='bbox 888 4125 958 4187; x_wconf 87' lang='grc' dir='ltr'><strong>κατδι</strong></span> <span class='ocrx_word' id='word_1_571' title='bbox 999 4131 1079 4181; x_wconf 88' lang='lat' dir='ltr'><strong>omnia</strong></span> <span class='ocrx_word' id='word_1_572' title='bbox 1089 4131 1151 4182; x_wconf 87' lang='lat' dir='ltr'><strong>inter</strong></span> <span class='ocrx_word' id='word_1_573' title='bbox 1167 4144 1193 4181; x_wconf 89' lang='lat' dir='ltr'><strong>se</strong></span> <span class='ocrx_word' id='word_1_574' title='bbox 1210 4135 1267 4180; x_wconf 85' lang='lat' dir='ltr'><strong>sunt</strong></span> <span class='ocrx_word' id='word_1_575' title='bbox 1283 4131 1441 4196; x_wconf 85' lang='lat' dir='ltr'><strong>implicita,et</strong></span> <span class='ocrx_word' id='word_1_576' title='bbox 1456 4135 1555 4184; x_wconf 83' lang='lat' dir='ltr'><strong>eateuue</strong></span> <span class='ocrx_word' id='word_1_577' title='bbox 1570 4131 1669 4184; x_wconf 81' lang='lat' dir='ltr'><strong>interea</strong></span> <span class='ocrx_word' id='word_1_578' title='bbox 1681 4132 1779 4182; x_wconf 81' lang='lat' dir='ltr'><strong>amica:</strong></span> 
     </span>
     <span class='ocr_line' id='line_1_43' title="bbox 175 4211 1780 4296; baseline -0.003 -21"><span class='ocrx_word' id='word_1_579' title='bbox 175 4219 251 4275; x_wconf 77' lang='grc' dir='ltr'><strong>τοῦτο</strong></span> <span class='ocrx_word' id='word_1_580' title='bbox 261 4212 323 4296; x_wconf 89' lang='grc' dir='ltr'><strong>φίλα</strong></span> <span class='ocrx_word' id='word_1_581' title='bbox 333 4211 456 4286; x_wconf 78' lang='grc' dir='ltr'><strong>ἀλλήλοις</strong></span> <span class='ocrx_word' id='word_1_582' title='bbox 466 4211 522 4272; x_wconf 87' lang='grc' dir='ltr'><strong>ἐστί</strong></span> <span class='ocrx_word' id='word_1_583' title='bbox 527 4237 533 4249; x_wconf 88' lang='grc'>·</span> <span class='ocrx_word' id='word_1_584' title='bbox 545 4211 590 4274; x_wconf 85' lang='grc' dir='ltr'><strong>καί</strong></span> <span class='ocrx_word' id='word_1_585' title='bbox 600 4211 650 4296; x_wconf 85' lang='grc' dir='ltr'><strong>γδιρ</strong></span> <span class='ocrx_word' id='word_1_586' title='bbox 662 4211 735 4296; x_wconf 77' lang='grc' dir='ltr'><strong>ἄλλῳ</strong></span> <span class='ocrx_word' id='word_1_587' title='bbox 745 4213 810 4274; x_wconf 81' lang='grc' dir='ltr'><strong>ἄλλο</strong></span> <span class='ocrx_word' id='word_1_588' title='bbox 819 4213 877 4289; x_wconf 80' lang='grc' dir='ltr'><strong>ἑξῆς</strong></span> <span class='ocrx_word' id='word_1_589' title='bbox 886 4219 956 4276; x_wconf 75' lang='grc' dir='ltr'><strong>ἐστι·</strong></span> <span class='ocrx_word' id='word_1_590' title='bbox 1002 4233 1058 4271; x_wconf 89' lang='lat' dir='ltr'><strong>nam</strong></span> <span class='ocrx_word' id='word_1_591' title='bbox 1068 4219 1109 4270; x_wconf 84' lang='lat' dir='ltr'><strong>alii</strong></span> <span class='ocrx_word' id='word_1_592' title='bbox 1124 4232 1274 4284; x_wconf 86' lang='lat' dir='ltr'><strong>consequens</strong></span> <span class='ocrx_word' id='word_1_593' title='bbox 1283 4224 1321 4270; x_wconf 85' lang='lat' dir='ltr'><strong>est</strong></span> <span class='ocrx_word' id='word_1_594' title='bbox 1334 4219 1381 4270; x_wconf 84' lang='lat' dir='ltr'><strong>boe</strong></span> <span class='ocrx_word' id='word_1_595' title='bbox 1389 4233 1433 4284; x_wconf 86' lang='lat' dir='ltr'><strong>per</strong></span> <span class='ocrx_word' id='word_1_596' title='bbox 1448 4219 1585 4272; x_wconf 80' lang='lat' dir='ltr'><strong>tendentem</strong></span> <span class='ocrx_word' id='word_1_597' title='bbox 1602 4233 1737 4272; x_wconf 75' lang='lat' dir='ltr'><strong>connexum</strong></span> <span class='ocrx_word' id='word_1_598' title='bbox 1755 4225 1780 4270; x_wconf 88' lang='lat' dir='ltr'><strong>et</strong></span> 
     </span>
     <span class='ocr_line' id='line_1_44' title="bbox 176 4299 1485 4385; baseline -0.003 -21"><span class='ocrx_word' id='word_1_599' title='bbox 176 4301 293 4365; x_wconf 77' lang='grc' dir='ltr'><strong>τοῦτοδὲ</strong></span> <span class='ocrx_word' id='word_1_600' title='bbox 309 4299 352 4360; x_wconf 79' lang='grc' dir='ltr'><strong>διδ</strong></span> <span class='ocrx_word' id='word_1_601' title='bbox 364 4300 412 4375; x_wconf 76' lang='grc' dir='ltr'><strong>τὴν</strong></span> <span class='ocrx_word' id='word_1_602' title='bbox 435 4303 539 4375; x_wconf 86' lang='grc' dir='ltr'><strong>τονικὴν</strong></span> <span class='ocrx_word' id='word_1_603' title='bbox 555 4301 721 4379; x_wconf 78' lang='grc' dir='ltr'><strong>κόνησινκαὶ</strong></span> <span class='ocrx_word' id='word_1_604' title='bbox 742 4303 898 4385; x_wconf 86' lang='grc' dir='ltr'><strong>σύμπνοιαν,</strong></span> <span class='ocrx_word' id='word_1_605' title='bbox 912 4304 957 4364; x_wconf 82' lang='grc' dir='ltr'><strong>καί</strong></span> <span class='ocrx_word' id='word_1_606' title='bbox 999 4308 1201 4373; x_wconf 86' lang='lat' dir='ltr'><strong>conspirationem</strong></span> <span class='ocrx_word' id='word_1_607' title='bbox 1211 4313 1235 4360; x_wconf 91' lang='lat' dir='ltr'><strong>el</strong></span> <span class='ocrx_word' id='word_1_608' title='bbox 1245 4309 1361 4360; x_wconf 86' lang='lat' dir='ltr'><strong>unitatem</strong></span> <span class='ocrx_word' id='word_1_609' title='bbox 1371 4307 1485 4360; x_wconf 79' lang='lat' dir='ltr'><strong>mutarim.</strong></span> 
     </span>
     <span class='ocr_line' id='line_1_45' title="bbox 175 4391 499 4467; baseline 0 -14"><span class='ocrx_word' id='word_1_610' title='bbox 175 4393 224 4467; x_wconf 76' lang='grc' dir='ltr'><strong>τὴν</strong></span> <span class='ocrx_word' id='word_1_611' title='bbox 240 4393 330 4453; x_wconf 82' lang='grc' dir='ltr'><strong>ἕνωσιν</strong></span> <span class='ocrx_word' id='word_1_612' title='bbox 341 4395 388 4464; x_wconf 78' lang='grc' dir='ltr'><strong>τῆς</strong></span> <span class='ocrx_word' id='word_1_613' title='bbox 402 4391 499 4460; x_wconf 88' lang='grc' dir='ltr'><strong>ούσίας.</strong></span> 
     </span>
    </p>
   </div>
   <div class='ocr_carea' id='block_1_11' title="bbox 177 4478 1781 4750">
    <p class='ocr_par' dir='ltr' id='par_1_14' title="bbox 177 4478 1781 4750">
     <span class='ocr_line' id='line_1_46' title="bbox 215 4478 1781 4574; baseline 0.004 -25"><span class='ocrx_word' id='word_1_614' title='bbox 215 4487 266 4548; x_wconf 65' lang='lat' dir='ltr'><strong>lit.</strong></span> <span class='ocrx_word' id='word_1_615' title='bbox 286 4478 336 4556; x_wconf 81' lang='grc' dir='ltr'><strong>Οἷς</strong></span> <span class='ocrx_word' id='word_1_616' title='bbox 349 4486 566 4570; x_wconf 78' lang='grc' dir='ltr'><strong>συγκεκλιόρωσαι</strong></span> <span class='ocrx_word' id='word_1_617' title='bbox 578 4488 732 4572; x_wconf 88' lang='grc' dir='ltr'><strong>πράγμασι,</strong></span> <span class='ocrx_word' id='word_1_618' title='bbox 745 4489 845 4558; x_wconf 80' lang='grc' dir='ltr'><strong>τούτοις</strong></span> <span class='ocrx_word' id='word_1_619' title='bbox 859 4489 956 4574; x_wconf 88' lang='grc' dir='ltr'><strong>συνάρ-</strong></span> <span class='ocrx_word' id='word_1_620' title='bbox 1030 4509 1068 4556; x_wconf 84' lang='grc'><strong>39.</strong></span> <span class='ocrx_word' id='word_1_621' title='bbox 1085 4504 1179 4563; x_wconf 85' lang='lat' dir='ltr'><strong>Quibus</strong></span> <span class='ocrx_word' id='word_1_622' title='bbox 1186 4508 1250 4555; x_wconf 90' lang='lat' dir='ltr'><strong>sorte</strong></span> <span class='ocrx_word' id='word_1_623' title='bbox 1257 4503 1367 4554; x_wconf 89' lang='lat' dir='ltr'><strong>addictus</strong></span> <span class='ocrx_word' id='word_1_624' title='bbox 1374 4517 1400 4554; x_wconf 90' lang='lat' dir='ltr'><strong>es</strong></span> <span class='ocrx_word' id='word_1_625' title='bbox 1409 4503 1497 4567; x_wconf 87' lang='lat' dir='ltr'><strong>rebus,</strong></span> <span class='ocrx_word' id='word_1_626' title='bbox 1507 4503 1568 4554; x_wconf 89' lang='lat' dir='ltr'><strong>iiste</strong></span> <span class='ocrx_word' id='word_1_627' title='bbox 1577 4504 1745 4566; x_wconf 84' lang='lat' dir='ltr'><strong>accommoda,</strong></span> <span class='ocrx_word' id='word_1_628' title='bbox 1757 4509 1781 4556; x_wconf 89' lang='lat' dir='ltr'><strong>el</strong></span> 
     </span>
     <span class='ocr_line' id='line_1_47' title="bbox 178 4567 1780 4661; baseline 0.008 -28"><span class='ocrx_word' id='word_1_629' title='bbox 178 4579 240 4656; x_wconf 81' lang='grc' dir='ltr'><strong>μοζε</strong></span> <span class='ocrx_word' id='word_1_630' title='bbox 254 4573 377 4636; x_wconf 88' lang='grc' dir='ltr'><strong>σεαυτόν·</strong></span> <span class='ocrx_word' id='word_1_631' title='bbox 391 4575 437 4635; x_wconf 83' lang='grc' dir='ltr'><strong>καλ</strong></span> <span class='ocrx_word' id='word_1_632' title='bbox 454 4567 491 4644; x_wconf 76' lang='grc' dir='ltr'><strong>οἷς</strong></span> <span class='ocrx_word' id='word_1_633' title='bbox 506 4575 663 4658; x_wconf 85' lang='grc' dir='ltr'><strong>συνείληχας</strong></span> <span class='ocrx_word' id='word_1_634' title='bbox 681 4577 823 4661; x_wconf 77' lang='grc' dir='ltr'><strong>ἀνθρώποις</strong></span> <span class='ocrx_word' id='word_1_635' title='bbox 828 4625 837 4655; x_wconf 91' lang='grc'><strong>,</strong></span> <span class='ocrx_word' id='word_1_636' title='bbox 851 4577 957 4649; x_wconf 82' lang='grc' dir='ltr'><strong>τούτους</strong></span> <span class='ocrx_word' id='word_1_637' title='bbox 1000 4591 1147 4657; x_wconf 86' lang='lat' dir='ltr'><strong>quibuscum</strong></span> <span class='ocrx_word' id='word_1_638' title='bbox 1159 4593 1219 4644; x_wconf 83' lang='lat' dir='ltr'><strong>torte</strong></span> <span class='ocrx_word' id='word_1_639' title='bbox 1231 4593 1374 4657; x_wconf 85' lang='lat' dir='ltr'><strong>conjunctus</strong></span> <span class='ocrx_word' id='word_1_640' title='bbox 1385 4592 1570 4656; x_wconf 86' lang='lat' dir='ltr'><strong>esbominibus‚</strong></span> <span class='ocrx_word' id='word_1_641' title='bbox 1581 4605 1623 4644; x_wconf 83' lang='lat' dir='ltr'><strong>eos</strong></span> <span class='ocrx_word' id='word_1_642' title='bbox 1635 4606 1730 4656; x_wconf 88' lang='lat' dir='ltr'><strong>amore,</strong></span> <span class='ocrx_word' id='word_1_643' title='bbox 1745 4607 1780 4646; x_wconf 81' lang='lat' dir='ltr'><strong>eo</strong></span> 
     </span>
     <span class='ocr_line' id='line_1_48' title="bbox 177 4665 1288 4750; baseline 0.006 -25"><span class='ocrx_word' id='word_1_644' title='bbox 177 4665 259 4750; x_wconf 88' lang='grc' dir='ltr'><strong>φίλει,</strong></span> <span class='ocrx_word' id='word_1_645' title='bbox 272 4667 332 4724; x_wconf 77' lang='grc' dir='ltr'><strong>ἀλλ’</strong></span> <span class='ocrx_word' id='word_1_646' title='bbox 347 4667 483 4738; x_wconf 79' lang='grc' dir='ltr'><strong>ἀληθινῶς.</strong></span> <span class='ocrx_word' id='word_1_647' title='bbox 999 4694 1046 4746; x_wconf 89' lang='lat' dir='ltr'><strong>que</strong></span> <span class='ocrx_word' id='word_1_648' title='bbox 1055 4694 1126 4745; x_wconf 84' lang='lat' dir='ltr'><strong>ruo,</strong></span> <span class='ocrx_word' id='word_1_649' title='bbox 1136 4695 1288 4746; x_wconf 86' lang='lat' dir='ltr'><strong>prosequere.</strong></span> 
     </span>
    </p>
   </div>
   <div class='ocr_carea' id='block_1_12' title="bbox 219 4767 1780 4856">
    <p class='ocr_par' dir='ltr' id='par_1_15' title="bbox 219 4767 1780 4856">
     <span class='ocr_line' id='line_1_49' title="bbox 219 4767 1780 4856; baseline 0.005 -26"><span class='ocrx_word' id='word_1_650' title='bbox 219 4770 258 4849; x_wconf 81' lang='grc' dir='ltr'><strong>μ’.</strong></span> <span class='ocrx_word' id='word_1_651' title='bbox 280 4767 423 4853; x_wconf 71' lang='grc' dir='ltr'><strong>Ὀργανοη</strong></span> <span class='ocrx_word' id='word_1_652' title='bbox 448 4773 590 4854; x_wconf 81' lang='grc' dir='ltr'><strong>ἐργαλεῖον,</strong></span> <span class='ocrx_word' id='word_1_653' title='bbox 613 4777 704 4842; x_wconf 81' lang='grc' dir='ltr'><strong>σκεῦος</strong></span> <span class='ocrx_word' id='word_1_654' title='bbox 717 4781 780 4848; x_wconf 77' lang='grc' dir='ltr'><strong>πᾶν,</strong></span> <span class='ocrx_word' id='word_1_655' title='bbox 799 4775 838 4846; x_wconf 81' lang='grc' dir='ltr'><strong>εἰ,</strong></span> <span class='ocrx_word' id='word_1_656' title='bbox 854 4773 920 4856; x_wconf 88' lang='grc' dir='ltr'><strong>πρδς</strong></span> <span class='ocrx_word' id='word_1_657' title='bbox 942 4773 957 4834; x_wconf 89' lang='grc' dir='ltr'><strong>δ</strong></span> <span class='ocrx_word' id='word_1_658' title='bbox 1030 4790 1070 4838; x_wconf 84' lang='lat' dir='ltr'><strong>io.</strong></span> <span class='ocrx_word' id='word_1_659' title='bbox 1088 4790 1225 4849; x_wconf 85' lang='lat' dir='ltr'><strong>organum,</strong></span> <span class='ocrx_word' id='word_1_660' title='bbox 1236 4786 1430 4846; x_wconf 87' lang='lat' dir='ltr'><strong>instrumentum,</strong></span> <span class='ocrx_word' id='word_1_661' title='bbox 1441 4797 1483 4836; x_wconf 82' lang='lat' dir='ltr'><strong>ras</strong></span> <span class='ocrx_word' id='word_1_662' title='bbox 1493 4785 1629 4850; x_wconf 90' lang='lat' dir='ltr'><strong>quodlibet,</strong></span> <span class='ocrx_word' id='word_1_663' title='bbox 1643 4785 1663 4837; x_wconf 85' lang='lat' dir='ltr'><strong>si</strong></span> <span class='ocrx_word' id='word_1_664' title='bbox 1675 4786 1706 4836; x_wconf 88' lang='lat' dir='ltr'><strong>ad</strong></span> <span class='ocrx_word' id='word_1_665' title='bbox 1717 4786 1780 4850; x_wconf 90' lang='lat' dir='ltr'><strong>quod</strong></span> 
     </span>
    </p>
   </div>
   <div class='ocr_carea' id='block_1_13' title="bbox 177 4852 1805 5209">
    <p class='ocr_par' dir='ltr' id='par_1_16' title="bbox 177 4852 1805 5209">
     <span class='ocr_line' id='line_1_50' title="bbox 177 4852 1780 4971; baseline 0.004 -29"><span class='ocrx_word' id='word_1_666' title='bbox 177 4857 398 4971; x_wconf 53' lang='grc' dir='ltr'><strong>κατεσκεύαξταίν</strong></span> <span class='ocrx_word' id='word_1_667' title='bbox 407 4865 489 4936; x_wconf 55' lang='grc' dir='ltr'><strong>ποιεῖν</strong></span> <span class='ocrx_word' id='word_1_668' title='bbox 499 4852 605 4944; x_wconf 50' lang='lat' dir='ltr'><strong>‘Mla&#39;</strong></span> <span class='ocrx_word' id='word_1_669' title='bbox 616 4861 702 4923; x_wconf 56' lang='grc' dir='ltr'><strong>καίτοι</strong></span> <span class='ocrx_word' id='word_1_670' title='bbox 711 4863 787 4922; x_wconf 49' lang='lat' dir='ltr'><strong>effi</strong></span> <span class='ocrx_word' id='word_1_671' title='bbox 798 4861 958 4922; x_wconf 59' lang='grc' dir='ltr'>κατασκευᾶ·</span> <span class='ocrx_word' id='word_1_672' title='bbox 1000 4895 1140 4946; x_wconf 83' lang='lat' dir='ltr'><strong>lubricatum</strong></span> <span class='ocrx_word' id='word_1_673' title='bbox 1150 4897 1200 4960; x_wconf 85' lang='lat' dir='ltr'><strong>est,</strong></span> <span class='ocrx_word' id='word_1_674' title='bbox 1210 4895 1236 4946; x_wconf 94' lang='lat' dir='ltr'><strong>id</strong></span> <span class='ocrx_word' id='word_1_675' title='bbox 1253 4895 1324 4957; x_wconf 85' lang='lat' dir='ltr'><strong>iacit,</strong></span> <span class='ocrx_word' id='word_1_676' title='bbox 1340 4894 1401 4946; x_wconf 89' lang='lat' dir='ltr'><strong>bene</strong></span> <span class='ocrx_word' id='word_1_677' title='bbox 1413 4894 1499 4956; x_wconf 84' lang='lat' dir='ltr'><strong>babet,</strong></span> <span class='ocrx_word' id='word_1_678' title='bbox 1515 4907 1663 4958; x_wconf 88' lang='lat' dir='ltr'><strong>quamquam</strong></span> <span class='ocrx_word' id='word_1_679' title='bbox 1678 4894 1726 4960; x_wconf 86' lang='lat' dir='ltr'><strong>ibi,</strong></span> <span class='ocrx_word' id='word_1_680' title='bbox 1739 4896 1780 4958; x_wconf 89' lang='lat' dir='ltr'><strong>qui</strong></span> 
     </span>
     <span class='ocr_line' id='line_1_51' title="bbox 178 4949 956 5036; baseline 0.001 -27"><span class='ocrx_word' id='word_1_681' title='bbox 178 4972 227 5017; x_wconf 87' lang='grc' dir='ltr'><strong>σας</strong></span> <span class='ocrx_word' id='word_1_682' title='bbox 238 4949 364 5011; x_wconf 80' lang='grc' dir='ltr'><strong>ἐκποδών.</strong></span> <span class='ocrx_word' id='word_1_683' title='bbox 406 4950 471 5012; x_wconf 76' lang='grc' dir='ltr'><strong>Ἐπὶ</strong></span> <span class='ocrx_word' id='word_1_684' title='bbox 486 4949 513 5011; x_wconf 83' lang='grc' dir='ltr'><strong>δέ</strong></span> <span class='ocrx_word' id='word_1_685' title='bbox 526 4956 578 5013; x_wconf 83' lang='grc' dir='ltr'><strong>τῶν</strong></span> <span class='ocrx_word' id='word_1_686' title='bbox 596 4952 646 5013; x_wconf 79' lang='grc' dir='ltr'><strong>ὑπὸ</strong></span> <span class='ocrx_word' id='word_1_687' title='bbox 662 4951 762 5036; x_wconf 83' lang='grc' dir='ltr'><strong>φύσεως</strong></span> <span class='ocrx_word' id='word_1_688' title='bbox 776 4951 956 5031; x_wconf 85' lang='grc' dir='ltr'><strong>συνεχομένων</strong></span> 
     </span>
     <span class='ocr_line' id='line_1_52' title="bbox 178 5035 1595 5122; baseline 0.003 -25"><span class='ocrx_word' id='word_1_689' title='bbox 178 5036 250 5098; x_wconf 84' lang='grc' dir='ltr'><strong>ίνδον</strong></span> <span class='ocrx_word' id='word_1_690' title='bbox 264 5035 320 5096; x_wconf 79' lang='grc' dir='ltr'><strong>ἐστὶ</strong></span> <span class='ocrx_word' id='word_1_691' title='bbox 337 5037 383 5098; x_wconf 84' lang='grc' dir='ltr'><strong>καλ</strong></span> <span class='ocrx_word' id='word_1_692' title='bbox 401 5039 548 5122; x_wconf 85' lang='grc' dir='ltr'><strong>παραμένει</strong></span> <span class='ocrx_word' id='word_1_693' title='bbox 565 5047 582 5115; x_wconf 84' lang='grc' dir='ltr'>ἡ</span> <span class='ocrx_word' id='word_1_694' title='bbox 597 5039 822 5102; x_wconf 88' lang='grc' dir='ltr'><strong>κατασκευάσασα</strong></span> <span class='ocrx_word' id='word_1_695' title='bbox 837 5037 957 5120; x_wconf 90' lang='grc' dir='ltr'><strong>δύναμις·</strong></span> <span class='ocrx_word' id='word_1_696' title='bbox 1591 5113 1595 5120; x_wconf 35' lang='grc' dir='ltr'>Ι</span> 
     </span>
     <span class='ocr_line' id='line_1_53' title="bbox 177 5113 1805 5209; baseline -0.001 -47"><span class='ocrx_word' id='word_1_697' title='bbox 177 5122 243 5185; x_wconf 53' lang='grc' dir='ltr'><strong>καθ’,</strong></span> <span class='ocrx_word' id='word_1_698' title='bbox 254 5123 299 5184; x_wconf 63' lang='grc' dir='ltr'><strong>,αφ</strong></span> <span class='ocrx_word' id='word_1_699' title='bbox 309 5127 408 5204; x_wconf 47' lang='grc' dir='ltr'><strong>μᾶλλ,</strong></span> <span class='ocrx_word' id='word_1_700' title='bbox 422 5129 550 5188; x_wconf 51' lang='lat' dir='ltr'><strong>affice„</strong></span> <span class='ocrx_word' id='word_1_701' title='bbox 559 5128 639 5203; x_wconf 48' lang='lat' dir='ltr'><strong>affl„</strong></span> <span class='ocrx_word' id='word_1_702' title='bbox 653 5131 707 5202; x_wconf 56' lang='grc' dir='ltr'><strong>δεῖ,</strong></span> <span class='ocrx_word' id='word_1_703' title='bbox 721 5128 766 5189; x_wconf 63' lang='grc' dir='ltr'><strong>,αφ</strong></span> <span class='ocrx_word' id='word_1_704' title='bbox 780 5126 902 5209; x_wconf 37' lang='lat' dir='ltr'><strong>,oppam</strong></span> <span class='ocrx_word' id='word_1_705' title='bbox 914 5126 958 5187; x_wconf 62' lang='grc' dir='ltr'><strong>ρὰ,</strong></span> <span class='ocrx_word' id='word_1_706' title='bbox 1000 5115 1272 5180; x_wconf 84' lang='lat' dir='ltr'><strong>intusestetpermunet</strong></span> <span class='ocrx_word' id='word_1_707' title='bbox 1281 5128 1336 5179; x_wconf 87' lang='lat' dir='ltr'><strong>quac</strong></span> <span class='ocrx_word' id='word_1_708' title='bbox 1346 5113 1452 5167; x_wconf 87' lang='lat' dir='ltr'><strong>condidit</strong></span> <span class='ocrx_word' id='word_1_709' title='bbox 1463 5116 1508 5166; x_wconf 86' lang='lat' dir='ltr'><strong>ris.</strong></span> <span class='ocrx_word' id='word_1_710' title='bbox 1541 5115 1645 5166; x_wconf 86' lang='lat' dir='ltr'><strong>Promde</strong></span> <span class='ocrx_word' id='word_1_711' title='bbox 1656 5113 1694 5165; x_wconf 88' lang='lat' dir='ltr'><strong>rel</strong></span> <span class='ocrx_word' id='word_1_712' title='bbox 1705 5113 1780 5177; x_wconf 78' lang='lat' dir='ltr'><strong>mugit</strong></span> <span class='ocrx_word' id='word_1_713' title='bbox 1801 5152 1805 5160; x_wconf 85' lang='lat'><em>.</em></span> 
     </span>
    </p>
   </div>
   <div class='ocr_carea' id='block_1_14' title="bbox 179 5212 1778 5302">
    <p class='ocr_par' dir='ltr' id='par_1_17' title="bbox 179 5212 1778 5302">
     <span class='ocr_line' id='line_1_54' title="bbox 179 5212 1778 5302; baseline 0 -27"><span class='ocrx_word' id='word_1_714' title='bbox 179 5212 247 5275; x_wconf 85' lang='grc' dir='ltr'><strong>κατίι</strong></span> <span class='ocrx_word' id='word_1_715' title='bbox 261 5213 291 5275; x_wconf 84' lang='grc' dir='ltr'><strong>τὸ</strong></span> <span class='ocrx_word' id='word_1_716' title='bbox 303 5215 425 5296; x_wconf 86' lang='grc' dir='ltr'><strong>βούλημα</strong></span> <span class='ocrx_word' id='word_1_717' title='bbox 437 5217 534 5294; x_wconf 82' lang='grc' dir='ltr'><strong>ταύτης</strong></span> <span class='ocrx_word' id='word_1_718' title='bbox 548 5217 611 5302; x_wconf 79' lang='grc' dir='ltr'><strong>ἔχῃς</strong></span> <span class='ocrx_word' id='word_1_719' title='bbox 628 5217 674 5279; x_wconf 80' lang='grc' dir='ltr'><strong>καὶ</strong></span> <span class='ocrx_word' id='word_1_720' title='bbox 687 5215 818 5300; x_wconf 75' lang='grc' dir='ltr'><strong>διεξάγης,</strong></span> <span class='ocrx_word' id='word_1_721' title='bbox 833 5215 903 5300; x_wconf 82' lang='grc' dir='ltr'><strong>ἔχειν</strong></span> <span class='ocrx_word' id='word_1_722' title='bbox 917 5241 958 5279; x_wconf 91' lang='grc' dir='ltr'><strong>σοι</strong></span> <span class='ocrx_word' id='word_1_723' title='bbox 1000 5227 1139 5282; x_wconf 65' lang='lat' dir='ltr'><strong>umqum</strong></span> <span class='ocrx_word' id='word_1_724' title='bbox 1152 5232 1175 5282; x_wconf 85' lang='lat' dir='ltr'><strong>te</strong></span> <span class='ocrx_word' id='word_1_725' title='bbox 1187 5231 1359 5295; x_wconf 87' lang='lat' dir='ltr'><strong>oportelatque</strong></span> <span class='ocrx_word' id='word_1_726' title='bbox 1368 5229 1518 5292; x_wconf 83' lang='lat' dir='ltr'><strong>existimare,</strong></span> <span class='ocrx_word' id='word_1_727' title='bbox 1528 5223 1778 5280; x_wconf 78' lang='lat' dir='ltr'><strong>sismundumeamtc</strong></span> 
     </span>
    </p>
   </div>
   <div class='ocr_carea' id='block_1_15' title="bbox 1000 5003 1787 5070">
    <p class='ocr_par' dir='ltr' id='par_1_18' title="bbox 1000 5003 1787 5070">
     <span class='ocr_line' id='line_1_55' title="bbox 1000 5003 1787 5070; baseline -0.004 -14"><span class='ocrx_word' id='word_1_728' title='bbox 1000 5004 1120 5068; x_wconf 85' lang='lat' dir='ltr'><strong>condidit,</strong></span> <span class='ocrx_word' id='word_1_729' title='bbox 1132 5005 1210 5070; x_wconf 87' lang='lat' dir='ltr'><strong>opilex</strong></span> <span class='ocrx_word' id='word_1_730' title='bbox 1221 5003 1280 5056; x_wconf 88' lang='lat' dir='ltr'><strong>abiit</strong></span> <span class='ocrx_word' id='word_1_731' title='bbox 1289 5020 1294 5052; x_wconf 94' lang='lat'>:</span> <span class='ocrx_word' id='word_1_732' title='bbox 1304 5003 1366 5054; x_wconf 89' lang='lat' dir='ltr'><strong>iniis</strong></span> <span class='ocrx_word' id='word_1_733' title='bbox 1373 5017 1443 5069; x_wconf 79' lang='lat' dir='ltr'><strong>roro,</strong></span> <span class='ocrx_word' id='word_1_734' title='bbox 1450 5017 1505 5068; x_wconf 84' lang='lat' dir='ltr'><strong>quoe</strong></span> <span class='ocrx_word' id='word_1_735' title='bbox 1512 5017 1527 5054; x_wconf 87' lang='lat' dir='ltr'><strong>a</strong></span> <span class='ocrx_word' id='word_1_736' title='bbox 1535 5007 1621 5054; x_wconf 88' lang='lat' dir='ltr'><strong>nutura</strong></span> <span class='ocrx_word' id='word_1_737' title='bbox 1628 5003 1787 5068; x_wconf 88' lang='lat' dir='ltr'><strong>continentur,</strong></span> 
     </span>
    </p>
   </div>
   <div class='ocr_carea' id='block_1_16' title="bbox 0 0 1915 5792">
    <p class='ocr_par' dir='ltr' id='par_1_19' title="bbox 0 0 1915 5792">
     <span class='ocr_line' id='line_1_56' title="bbox 0 0 1915 5792; baseline 0 0"><span class='ocrx_word' id='word_1_738' title='bbox 0 0 1915 5792; x_wconf 95' lang='lat' dir='ltr'><strong> </strong></span> 
     </span>
    </p>
   </div>
  </div>
 </body>
</html>
