3730 5776
208 423 243 474 ιι
286 408 401 490 (Μ.)
808 371 994 462 σιιινιιειι
1014 397 1215 460 oouunun.
1696 402 1817 484 χιι-..)

200 551 257 632 ψιις
271 545 374 630 ἔχοντες
383 541 443 625 περί
454 545 500 601 τού
513 539 650 614 θείου,καὶ
664 536 814 621 ἀνθρωπαά
828 538 874 598 καὶ
892 546 983 616 εὐτελῆ
1005 560 1009 577 “
1028 551 1096 610 sant,
1109 547 1255 598 anonnullis
1273 546 1341 611 impii
1357 547 1538 610 existimantium
1558 552 1583 597 et
1599 546 1663 611 trogi
1681 548 1819 598 bominesa

201 635 404 718 παραιτούμενοι
422 631 484 714 περὶ
498 633 577 690 αὐτοῦ
590 629 685 708 λέγειν,
705 628 808 698 ἀσεύεῖς
820 630 894 711 παρά
908 657 984 692 τινων
1028 635 1150 686 nonnullis
1161 649 1204 700 pro
1216 635 1296 686 bardis
1305 635 1432 686 habentur.
1465 638 1501 686 lta
1512 649 1557 686 nec
1566 637 1653 700 utorio
1667 636 1749 687 nostri
1760 635 1819 686 arbl-

201 723 441 802 ὕπολαμόάνονταν
469 719 515 778 καί
541 717 600 786 τούς
627 722 840 800 σωφρονοῦντας,
872 721 986 792 ἠλιθίους
1030 725 1068 774 tril
1077 727 1128 786 est;
1148 724 1191 774 sed
1208 724 1304 775 illorum
1316 725 1405 788 qulbus
1419 725 1465 774 boc
1480 729 1522 774 aut
1539 724 1582 775 illo
1600 724 1674 774 modo
1689 725 1782 775 sentire
1791 723 1820 774 de

200 809 411 894 ἡγοῦνταιτινές.
450 807 530 870 Οὐτω
542 806 574 867 ab
590 805 699 874 εὐδοξεῖν
715 808 762 864 οὐκ
775 807 815 888 ἐρ’
827 811 891 886 ἡμῖν
906 811 985 884 ἐστιν,
1029 813 1186 864 nobislibuit.
1198 817 1253 864 iarn
1269 814 1442 878 αιοςίνίτσίασ
1452 814 1505 863 sine
1520 814 1664 878 populoqui
1681 819 1768 878 pareat
1778 815 1820 876 ,et

176 927 189 968 a
204 904 263 963 ἀλλ’
278 900 322 960 ἐπὶ
333 901 387 968 τοῖς
399 898 460 980 περὶ
474 901 550 976 ἡμῶν
564 894 668 968 τοίωςῆ
681 893 757 964 τοίως
769 895 884 966 δοξάζειν
899 898 988 978 ἑλομέ-
1030 903 1123 966 absque
1134 902 1250 952 ministris
1261 902 1303 968 qui
1314 915 1411 966 operam
1426 907 1515 954 navent
1525 905 1653 966 ‚constare
1670 917 1722 953 non
1732 905 1819 967 potest.

201 1016 262 1060 νοις.
304 993 340 1051 At
361 988 389 1048 δὲ
404 986 499 1070 ἀρχαὶ,
512 985 558 1046 καλ
572 989 624 1044 τῶν
639 981 793 1067 ἀρχομένων
812 985 928 1063 δέονται,
941 987 987 1048 καὶ
1031 995 1058 1042 ίιι
1069 992 1371 1055 quibusverocivitatibns
1382 993 1480 1042 venales
1496 998 1554 1043 sunt
1570 992 1747 1056 magistratus,
1763 991 1821 1042 mul·

201 1085 253 1140 τῶν
267 1079 332 1162 πρὸς
345 1078 376 1137 τὸ
401 1075 491 1159 ἄρχειν
506 1071 707 1156 συναιρομένων.
749 1072 795 1134 Ἐν
810 1063 890 1142 sicil
911 1077 988 1134 πολι-
1031 1081 1105 1144 toque
1114 1093 1173 1131 aum
1181 1080 1335 1144 addicuntur,
1345 1081 1415 1145 inops
1424 1083 1532 1144 pecuniae
1543 1081 1681 1132 nullumad
1697 1083 1821 1145 magistra·

202 1169 284 1237 τείσις
305 1168 350 1228 καὶ
363 1165 436 1226 ὤνιοί
449 1167 514 1224 εἰσιν
528 1166 555 1223 αἱ
579 1161 674 1244 ἀρχαί,
693 1161 739 1222 καί
759 1164 857 1222 πολλοῦ
879 1164 987 1246 χρυσίου
1032 1170 1072 1220 tos
1092 1169 1189 1220 habebit
1208 1169 1315 1232 aditam,
1336 1171 1493 1232 quantaeuis
1513 1183 1556 1221 eos
1573 1169 1680 1234 adpetat
1715 1170 1758 1220 Sic
1778 1171 1821 1220 ista

203 1257 403 1336 ἀποδιδόμενοι,
418 1259 445 1316 ἓν
456 1253 563 1321 ταύταις
577 1257 591 1312 ό
605 1249 751 1335 χρημάτων
766 1255 870 1334 ἀπορῶν
890 1256 938 1314 οὐκ
955 1251 987 1312 ἀν
1032 1257 1112 1309 omnia
1121 1259 1327 1323 noninpotestate
1333 1259 1664 1323 nostrasitasunt,quianon
1677 1261 1738 1309 sunt
1747 1263 1822 1310 actio

165 1367 190 1409 to
202 1351 238 1415 εἰς
256 1346 340 1428 ἀρχὴν
358 1344 498 1427 παρέλθοι,
518 1341 568 1402 κᾶν
592 1341 661 1400 πάνυ
684 1340 811 1421 βούλοιτο.
853 1341 934 1403 otro
954 1341 989 1402 τδι
1033 1349 1282 1398 reserrentur>
1293 1348 1471 1399 autemlocoin
1482 1347 1649 1398 illadivlsione
1661 1361 1759 1410 rernm,
1770 1362 1821 1412 qua

202 1442 311 1498 τοιαῦτα
323 1433 411 1493 πάντα
426 1436 477 1490 τῶν
490 1433 537 1490 οὐκ
550 1429 590 1513 ἐφ’
604 1433 669 1506 ἡμῖν
686 1432 765 1500 ἐστιν,
785 1429 833 1487 οὐκ
846 1427 909 1490 όντα
922 1427 990 1508 ἡμέ-
1033 1437 1057 1486 in
1070 1440 1153 1486 nostra
1163 1449 1213 1486 non
1225 1442 1282 1487 sunt
1293 1439 1425 1500 potestate,
1438 1451 1532 1501 corpus
1546 1443 1672 1500 recenset;
1690 1437 1758 1502 quod
1774 1452 1821 1501 pro

202 1549 266 1608 τερα
277 1524 352 1606 ἔργα.
395 1523 442 1583 Ἐν
457 1518 485 1580 δέ
498 1523 531 1600 τῇ
546 1516 670 1600 διαιρέσει
683 1521 735 1576 τῶν
747 1517 913 1600 οὐκέρ’ἡμῖν
921 1541 990 1602 προ-
1033 1525 1120 1590 pterid
1132 1527 1241 1588 egeretis
1253 1527 1326 1578 rebus
1337 1527 1472 1591 ecepimus,
1491 1539 1546 1590 quae
1563 1527 1588 1576 iu
1608 1533 1693 1578 nostra
1707 1533 1821 1592 potestate

203 1615 293 1676 τάττει
303 1613 334 1674 τὸ
348 1615 436 1690 σῶμα·
451 1608 494 1668 ut
507 1607 559 1689 γδιρ
573 1613 650 1668 τοῦτο
662 1609 698 1675 εἷς
711 1605 803 1689 χρείαν
817 1610 870 1666 τῶν
888 1609 936 1667 οὐκ
951 1606 990 1689 ἐρ’
1033 1619 1155 1665 ιιοιιιιιιιιι.
1189 1615 1305 1666 omnium
1324 1617 1389 1666 euim
1406 1616 1527 1666 bellorum
1542 1617 1646 1680 pecunia
1665 1630 1755 1667 caussa
1771 1619 1820 1678 est;

203 1707 267 1786 ἡμῖν
286 1699 506 1782 ἐμπεπτώκαμεν.
548 1696 600 1757 Διά
623 1695 673 1777 γὰρ
694 1695 728 1754 τδι
745 1695 875 1776 χρήματα
895 1695 991 1764 πάντες
1034 1703 1332 1756 illamautemobrictum
1347 1708 1373 1756 et
1386 1705 1477 1756 cultum
1487 1705 1594 1770 corporis
1610 1705 1747 1758 adsciscere
1758 1703 1815 1768 cogi·

165 1816 190 1857 ιιι
206 1799 231 1854 οἱ
252 1793 372 1871 πόλεμοι·
390 1795 475 1849 ταῦτα
489 1784 518 1848 δέ
539 1783 739 1866 ἀναγκαζόμεθα
762 1791 876 1844 κτᾶσθαι
889 1784 932 1844 διδι
943 1783 991 1857 τὴν
1035 1805 1099 1843 mar.

204 1890 250 1945 τοῦ
267 1883 390 1960 σώματος
401 1875 550 1960 θεραπείαν.

245 1977 297 2046 [ΙΝ
306 1975 389 2030 cut).
399 1971 424 2046 l,
436 1969 453 2044 §
463 1967 502 2046 2.]
511 1963 612 2038 Εἰπὼν,
619 1961 676 2024 τίνα
683 1960 769 2043 μὲντά
775 1961 991 2046 ἓρ’ἡμῑν,τίναδέ
1067 1971 1108 2037 [lN
1117 1975 1138 2034 l,
1149 1973 1205 2039 θα]
1217 1975 1346 2038 Postquam
1356 1973 1430 2038 dixit,
1444 1987 1500 2039 qrrre
1509 1980 1591 2026 nostra
1599 2013 1606 2039 ,
1615 1975 1756 2040 quaealiena
1765 1977 1821 2038 sint;

204 2061 238 2122 τδι
249 2062 296 2122 οὐκ
303 2058 341 2140 ἐρ’
351 2059 423 2136 ἡμῖν,
431 2054 521 2138 ἐφεξῆς
531 2053 608 2113 ὁποῖά
617 2057 686 2114 ἐστιν
697 2052 807 2134 ἑκάτερα
816 2052 992 2137 παραδείκνυ·
1036 2073 1101 2112 nunc
1111 2062 1247 2125 cujusmodi
1266 2067 1367 2128 astraque
1384 2064 1448 2127 sint,
1464 2063 1577 2114 declarat.
1596 2068 1708 2123 lt'ostra,
1729 2077 1781 2116 esse
1795 2065 1822 2115 lr'·

205 2175 253 2210 σιν·
262 2147 301 2208 ότι
310 2147 344 2207 τδι
354 2144 401 2226 μέν
411 2145 450 2227 ἐρ’
456 2145 529 2222 ἡμῖν,
538 2142 670 2222 ἐλεύθερα·
680 2138 782 2200 ὅτιούτε
791 2139 993 2221 γενέσθαιάναγ·
1038 2153 1117 2210 deror
1131 2153 1196 2216 quod
1210 2167 1301 2217 neqne,
1313 2158 1340 2204 nt
1351 2153 1424 2216 liant,
1434 2155 1485 2216 cogi
1500 2153 1531 2204 ab
1546 2155 1614 2216 aliis,
1625 2169 1672 2206 uec
1686 2170 1736 2220 qno
1748 2157 1822 2206 minas

165 2257 192 2298 to
204 2238 312 2308 κτίζεται
328 2239 372 2294 ὐπ’
383 2233 479 2305 ἄλλων,
492 2229 551 2291 οὐτε
562 2227 709 2303 κωλύεται,
719 2227 778 2288 οὐτε
790 2229 868 2297 ἀλλος
882 2229 937 2310 ἔχει
945 2228 994 2302 τὴν
1037 2241 1108 2303 liant,
1117 2241 1249 2305 prohiberi
1257 2245 1375 2306 perurat,
1387 2257 1466 2306 neque
1477 2244 1538 2294 allus
1550 2243 1580 2293 iis
1590 2245 1674 2295 utendi
1683 2248 1821 2309 potestatem

205 2325 321 2397 ἐξουσίαν
332 2327 379 2395 τῆς
388 2321 507 2403 χρήσεως
515 2322 609 2380 αὐτῶν.
622 2322 745 2380 Τοιοῦτον
751 2317 803 2399 γάρ
814 2321 870 2377 ἐστι
876 2317 906 2376 τδ
918 2317 993 2378 ἐλεύ-
1038 2331 1118 2381 lrabet.
1132 2331 1196 2381 Talis
1204 2331 1267 2381 enirn
1277 2337 1313 2382 est
1325 2331 1429 2394 libertas,
1438 2346 1493 2396 quae
1505 2333 1542 2382 sni
1552 2333 1615 2395 juris
1626 2339 1678 2397 est,
1688 2339 1715 2384 et
1725 2336 1823 2398 potesta·

205 2422 288 2500 θερον,
299 2411 462 2481 αὐτεξούσιον
475 2408 603 2491 ὑπάρχον,
612 2407 657 2467 καὶ
667 2405 755 2489 κύριον
765 2412 813 2480 τῆς
823 2410 915 2466 ἑαυτοῦ
928 2407 994 2489 χρή·
1038 2420 1294 2471 tembabetsuiusus.
1329 2421 1423 2472 Alieno
1438 2435 1509 2483 sero,
1524 2421 1554 2472 iis
1565 2423 1683 2486 obnoxia,
1696 2423 1820 2487 quiesset

206 2529 280 2573 σεως.
292 2507 317 2564 Τ
320 2501 336 2560 δι
349 2501 376 2561 δέ
387 2503 435 2560 οὐκ
448 2499 486 2582 ἐρ’
498 2503 571 2576 ἡμῖν,
583 2505 636 2564 τοῖς
646 2493 787 2576 πορίζεινῆ
802 2493 911 2556 κωλύειν
922 2498 996 2556 δυνα·
1038 2509 1146 2573 μιαίνεις
1161 2510 1200 2560 rel
1214 2510 1341 2573 probibere
1359 2515 1474 2575 possunt,
1487 2511 1598 2562 doruinos
1610 2512 1664 2562 illos
1679 2512 1777 2574 lrabeat,
1789 2511 1822 2561 ils

207 2593 292 2672 μένοις
306 2589 481 2670 ὑποκείμενα,
496 2585 625 2654 δεσπότας
642 2584 753 2652 ἐκείνους
774 2583 842 2665 ἔχει,
855 2585 901 2644 καλ
915 2586 995 2646 δοῦλα
1039 2613 1086 2663 qrre
1104 2601 1231 2649 σεαυίιιιιί.
1250 2602 1280 2649 nt
1300 2613 1329 2648 ca
1344 2599 1455 2663 atridem,
1475 2613 1530 2664 quae
1547 2601 1592 2650 sibi
1612 2601 1666 2665 ipsa
1688 2601 1820 2662 sufiiciunt,

167 2706 193 2747 as
207 2681 311 2742 ἐκείνοιν
324 2678 389 2740 ἐστί.
432 2674 486 2739 Καὶ
499 2673 591 2753 τὰμὲν
605 2677 734 2755 ἀρκοῦντα
750 2677 853 2748 αὐτοῖς,
872 2677 996 2744 εὐσθενῶς
1040 2688 1169 2738 robustaet
1178 2687 1244 2736 irma
1254 2693 1311 2738 scrut
1322 2703 1328 2736 :
1339 2702 1394 2752 qum
1411 2701 1468 2739 sero
1478 2688 1579 2740 alienam
1591 2704 1662 2754 opem
1678 2690 1820 2750 desiderant,

207 2769 351 2841 διάκειται,
369 2765 402 2826 τδι
423 2764 451 2825 δὲ
469 2764 556 2824 ἄλλων
577 2763 726 2845 χρῄζοντα,
746 2764 841 2836 ἀσθενῆ
862 2764 906 2823 καί
921 2766 995 2837 ε’νδεῆ
1040 2777 1170 2828 imbecilla
1180 2782 1204 2828 et
1213 2791 1294 2840 egena.
1304 2778 1347 2827 llla
1355 2779 1487 2841 prohiberi
1498 2784 1698 2843 nequeunt,enru
1715 2780 1752 2831 sui
1764 2780 1819 2842 juris

207 2861 266 2919 slot.
280 2857 335 2920 Καὶ
344 2855 376 2916 cli
387 2855 434 2934 μὲν
447 2851 570 2914 ἀκώλυτά
583 2855 662 2925 ἐστιν,
670 2854 705 2919 ὡς
712 2849 874 2919 αὐτεξούσια·
889 2853 935 2931 (τίς
944 2851 996 2936 γὰρ
1017 2810 1019 2913 ί
1040 2867 1087 2916 siut
1100 2881 1106 2916 ι
1120 2867 1175 2930 quis
1184 2867 1246 2916 enim
1257 2881 1301 2917 nos
1312 2867 1449 2931 prohibebit
1460 2868 1507 2918 boc
1519 2871 1562 2920 aut
1574 2869 1615 2919 illo
1631 2870 1703 2920 modo
1721 2869 1818 2934 opilari,

208 2945 322 3008 κωλύσει
335 2943 410 3011 τοίως
424 2939 442 3016 ἢ
465 2940 540 3009 τοίως
554 2937 734 3012 ὑπολαόεῖν,·λ
756 2939 896 3022 ὀρεχθῆναί
916 2964 996 3014 τινος,
1040 2955 1151 3019 adpetere
1161 2992 1168 3017 ,
1179 2956 1390 3007 aversaritlliena
1401 2971 1474 3020 vero,
1484 2971 1539 3021 quse
1548 2957 1580 3008 ab
1589 2959 1642 3010 aliis
1653 2958 1788 3010 etconlerri
1799 2963 1818 3007 et
1849 2985 1851 2992 ,

207 3033 448 3117 ἢάπαρεσθῆναῑξί
463 3028 498 3090 τὰ
522 3028 549 3088 δέ
564 3032 611 3090 Οὔκ
631 3027 670 3110 ἔθ’
684 3033 758 3106 ἡμῖν,
779 3027 824 3088 καί
846 3027 997 3109 πορίζεσθαι
1040 3044 1126 3096 aulerci
1137 3049 1251 3110 ροσοιιιιί,
1265 3059 1329 3110 supe
1346 3061 1444 3111 quoque
1462 3047 1630 3112 pmbibentnr,
1649 3062 1706 3099 cum
1723 3049 1761 3100 uel
1776 3060 1816 3096 non

168 3148 195 3189 to
210 3124 256 3184 καί
268 3123 433 3204 ἀφαιρεῖσθαι
444 3117 488 3178 ὐπ’
504 3117 592 3177 ἀλλων
601 3115 752 3200 πεφυκότα,
771 3116 817 3176 ὐπ’
834 3115 937 3176 ἐκείνοιν
952 3117 997 3177 καί
1040 3135 1686 3202 tribuuntur,reladimuntur.Perspicunmestigitnr,
1697 3151 1726 3188 ea
1737 3137 1817 3202 quaein

210 3211 340 3273 κωλύεται
354 3207 497 3281 πολλάκις,
516 3203 533 3279 ἢ
551 3205 589 3286 μὴ
609 3203 743 3285 γινόμενα,
767 3203 785 3277 ἢ
809 3205 996 3288 ἀφαιρούμενα.
1040 3225 1123 3273 nostra
1133 3227 1252 3286 potestate
1260 3225 1526 3288 sunt‚utpotenostras
1534 3226 1817 3288 ellectiones,nobisess

209 3303 296 3376 Δῆλον
310 3301 355 3378 δέ,
368 3297 409 3359 ὅτι
422 3297 455 3356 τδι
470 3295 518 3376 μέν
540 3295 580 3377 ἐφ’
602 3301 675 3374 ἡμῖν,
698 3293 815 3376 ἡμέτερα
834 3294 896 3354 ὄντα
915 3293 996 3376 ἔργα,
1041 3313 1136 3376 propria
1149 3327 1155 3362 τ
1166 3325 1221 3376 quas
1231 3326 1288 3362 vero
1300 3326 1373 3377 penes
1385 3327 1430 3364 nos
1441 3327 1490 3364 non
1499 3319 1572 3376 sunt,
1583 3315 1607 3364 in
1619 3315 1721 3365 aliorum
1733 3315 1817 3376 sltapo

209 3391 264 3450 ίδια
281 3393 357 3468 ἡμῶν
370 3390 434 3448 ἐστι·
448 3384 482 3445 τὰ
494 3384 521 3444 δὲ
533 3387 581 3444 οὔκ
593 3386 632 3466 ἀφ’
646 3390 720 3462 ἡμῖν,
734 3386 770 3451 ὣς
783 3387 810 3442 ἓν
825 3385 911 3443 ἄλλων
923 3383 997 3452 ἷξον·
1043 3405 1140 3462 testate,
1151 3415 1179 3452 aa
1188 3415 1242 3452 csse
1253 3402 1352 3452 alicua.
1364 3405 1443 3462 Quare
1452 3407 1478 3453 ct
1493 3403 1556 3453 bona
1571 3407 1597 3454 et
1613 3403 1678 3454 mala
1694 3417 1775 3454 earum
1786 3414 1816 3451 re

210 3477 256 3560 σία
270 3477 395 3556 κείμενα,
411 3472 536 3554 ἀλλάτρῑᾶ
550 3475 629 3532 ἔστιν·
641 3472 725 3533 Ὥστε·
737 3471 783 3532 καί
797 3471 831 3530 τὰ
848 3471 935 3552 ἀγαθὰ
949 3472 996 3532 καὶ
1042 3503 1109 3551 rum,
1119 3503 1174 3552 qrrre
1185 3489 1210 3538 in
1228 3493 1311 3538 nostra
1327 3491 1445 3553 potestate
1456 3491 1529 3552 sunt,
1539 3494 1567 3539 ut
1583 3495 1648 3540 recte
1665 3491 1768 3551 sentire,
1781 3493 1817 3538 act

170 3582 197 3624 ³⁵
210 3565 245 3626 τά
258 3564 341 3639 κακὰ,
356 3563 390 3624 τὰ
403 3562 449 3642 μὲν
464 3567 515 3622 τῶν
530 3561 569 3644 ἐφ’
582 3567 656 3640 ἡμῖν,
667 3551 756 3621 νῖοντὸ
768 3563 870 3636 ἀληθῶς
880 3563 998 3639 ὖπνλνμ·
1041 3579 1118 3639 male,
1129 3583 1193 3628 recte
1209 3577 1321 3642 adpetere
1337 3579 1375 3630 vel
1390 3593 1531 3646 perperam,
1545 3584 1627 3630 nostra
1641 3579 1705 3630 bona
1716 3585 1770 3648 sunt
1779 3581 1815 3626 aut

212 3655 300 3716 ύύνεῑν
315 3653 332 3727 ἢ
345 3655 458 3735 ψευδῶς,
475 3650 492 3724 ἢ
509 3653 590 3732 ὄρθῶς
609 3649 758 3732 ὀρέγεσθαί,
777 3647 805 3726 ἢ
817 3651 997 3728 πλημμελῶς,
1042 3667 1112 3716 mala.
1145 3670 1206 3725 Quae
1216 3667 1309 3718 vemad
1318 3681 1357 3718 res
1366 3668 1486 3732 pertinent
1495 3671 1675 3719 enrauostram
1685 3671 1816 3733 potestaten

210 3743 327 3824 ἡμέτερά
342 3745 411 3802 ἔστιν
427 3740 513 3820 ἀγαθὰ
526 3737 543 3810 ἦ
556 3739 635 3798 κακά·
650 3738 683 3798 τὰ
698 3738 725 3798 δέ
740 3742 792 3799 τῶν
810 3741 856 3798 Οὗκ
871 3738 910 3822 ἀφ’
925 3738 997 3816 ἡμῖν,
1041 3756 1145 3820 positas,
1156 3761 1237 3807 nostra
1247 3771 1296 3806 non
1306 3763 1363 3806 snut
1376 3773 1382 3805 :
1395 3757 1436 3807 sed
1450 3756 1536 3822 partim
1546 3755 1816 3822 corporis,instrnmcnli

210 3838 261 3916 οὐχ
273 3831 399 3914 ἡμέτερα·
415 3827 482 3890 ἀλλὰ
496 3827 530 3889 τὰ
543 3828 589 3908 μὲν
607 3834 653 3888 τοῦ
672 3828 811 3907 σώματος,
826 3832 870 3888 τοῦ
886 3826 997 3910 ὀργάνου
1041 3845 1131 3907 nostru
1141 3845 1229 3909 partim
1237 3845 1356 3908 gloriolae,
1366 3846 1494 3896 remotiora
1503 3846 1574 3896 etiam
1586 3847 1688 3898 anobis.

210 3930 255 3984 τοῦ
268 3921 406 4005 ἡμετέρου·
418 3918 451 3979 τδι
466 3917 493 3978 δέ
507 3923 552 3977 τοῦ
564 3915 699 4000 δοξαρίου,
714 3915 751 3976 ἔτι
762 3915 936 4000 πορρώτερον.
1609 3963 1613 3971 ,

171 4031 198 4072 ιο
251 4009 376 4090 [ttt§a.]
385 4005 552 4082 Elabar-lert
560 4005 593 4064 τδι
603 4005 641 4088 ἐρ’
651 4011 724 4084 ἡμῖν,
732 4005 778 4065 καὶ
787 4005 845 4064 τίνα
855 4003 888 4064 τδι
898 4009 944 4065 οὐκ
956 4005 995 4086 ἐρ’
1073 4011 1815 4080 [tit§³.]l’ostquamexposuitqueinnobissitasint,qurenoa

210 4105 275 4180 ἡμῖν
289 4104 345 4161 ἔστι
357 4146 366 4180 ,
378 4099 423 4160 καὶ
439 4100 517 4158 ὁποῖα
529 4094 641 4178 {adrepet
653 4098 723 4168 ἔστι,
735 4094 780 4154 καί
797 4093 888 4154 &wlsi
904 4093 998 4175 ἔχοντα
1041 4112 1103 4175 sint,
1113 4118 1138 4164 et
1148 4112 1285 4177 cujusmodi
1300 4117 1401 4177 utraque
1412 4113 1473 4176 sint,
1484 4118 1509 4165 et
1520 4127 1594 4178 qrram
1605 4115 1729 4168 nobiscum
1741 4115 1814 4166 collata

210 4192 276 4272 πρὸς
286 4195 357 4274 ἡμᾶς
368 4187 467 4270 ⁶¹di
480 4185 520 4246 ὅτι
530 4184 565 4246 τί
579 4186 626 4262 μὲν
639 4185 678 4266 ἐφ’
689 4186 763 4262 ἡμῖν,
777 4183 832 4243 ἴδιά
842 4187 910 4258 ἐστίν
924 4182 958 4243 τὰ
971 4183 998 4244 δὲ
1041 4212 1158 4262 rationem
1169 4211 1272 4262 babeant
1286 4227 1292 4260 :
1304 4224 1405 4275 canpe,
1414 4223 1470 4276 quae
1481 4213 1594 4263 innostra
1603 4216 1722 4278 potestate
1731 4214 1814 4275 sint,ea

213 4282 260 4339 οὐχ
268 4279 306 4361 ἐφ’
314 4283 387 4356 ἡμῖν’
396 4275 530 4358 ww&
538 4275 662 4357 παραινεῖ
670 4272 760 4332 λοιπὸν
771 4271 917 4356 συμφώνως
927 4277 998 4350 ἡμᾶς
1042 4323 1095 4362 esse
1106 4313 1201 4374 nostra;
1210 4324 1266 4374 quse
1275 4323 1337 4372 uon,
1348 4309 1443 4360 aliena:
1464 4309 1578 4375 deinceps
1596 4315 1679 4363 monet
1703 4316 1730 4362 ut
1739 4325 1765 4362 ea
1778 4307 1811 4359 ad·

212 4367 335 4450 τῇρύσει
351 4369 445 4440 αὐτῶν,
463 4364 510 4425 καὶ
529 4363 566 4443 μὴ
589 4361 832 4446 παρηλλαγμένως,
846 4361 907 4443 περὶ
930 4359 998 4421 αὐτδι
1684 4349 1692 4375 ’

173 4479 200 4521 ις
215 4453 432 4537 ἀναστρέφεσθαι.
476 4457 566 4515 Ταῦτα
578 4452 629 4535 γδιρ
639 4450 803 4530 εὐδαιμονίας
817 4456 880 4530 ἡμῖν
890 4451 936 4510 καί
945 4475 997 4512 κα·

214 4543 381 4622 κοδαιμονίας
404 4542 475 4602 αἴτια
495 4541 617 4622 γίνονται.
658 4541 699 4602 Τί)
723 4539 771 4621 μέν
791 4539 842 4622 γὰρ
860 4539 997 4622 τυγχάνειν

213 4636 266 4692 τῶν
281 4635 394 4711 ἀγαθῶν,
408 4631 453 4692 καλ
465 4635 539 4714 κακῷ
552 4630 643 4710 μηδενὶ
655 4629 829 4712 περιπίπτειν,
844 4630 999 4708 εὐδαίμονας

214 4730 291 4780 ποιεῖ·
306 4718 336 4780 τδ
351 4717 378 4780 δέ
395 4724 447 4779 τῶν
460 4723 563 4799 ἀγαθῶν
577 4719 623 4779 καί
640 4718 780 4803 ὐιρελίμων
793 4718 997 4798 ἀποτυγχάνειν,

215 4807 471 4892 ἣπεριπίπτειντοῖς
486 4807 640 4890 βλαόεροῒς,
658 4807 859 4888 κακοδαίμονας,
903 4809 935 4868 Et
954 4797 997 4866 οὗ,
1041 4799 1285 4861 ίιιοίιίειε,ίιιίοίίωε.
1319 4798 1389 4857 Quod
1406 4799 1612 4862 eiigiturbonum
1629 4805 1737 4852 nostrum
1752 4798 1773 4846 in
1788 4806 1810 4843 ro

177 4919 204 4961 to
215 4897 245 4958 τδ
259 4896 354 4978 ἀγαύδν
370 4899 443 4976 ἡμῶν
459 4899 527 4956 ἔστιν
543 4898 569 4955 έν
581 4901 618 4976 τῷ
632 4894 700 4956 κατδι
712 4895 787 4979 ρύσιν
799 4896 933 4979 ὀρέγεσθαι
953 4897 998 4956 καὶ
1042 4897 1116 4946 situm
1123 4901 1168 4959 est,
1177 4901 1204 4948 ut
1210 4900 1303 4947 naturas
1310 4897 1477 4947 convenienter
1485 4897 1627 4961 adpetamus
1635 4903 1657 4949 et
1666 4897 1807 4948 declinemus,

216 4985 352 5066 ἐκκλίνειν,
372 4991 456 5046 ταῦτα
471 4984 497 5044 δέ
512 4988 537 5043 ἓν
557 4989 608 5052 τοῖς
625 4985 664 5066 ἐρ’
684 4989 747 5063 ἡμῖν
762 4989 841 5059 ἐστιν,
861 4987 887 5044 ἓν
900 4985 999 5054 τούτοις
1042 4994 1095 5044 brec
1105 5008 1163 5044 sero
1174 4995 1200 5044 in
1217 5008 1299 5044 earum
1311 5008 1391 5046 rerum
1406 5007 1506 5045 ilumero
1518 4999 1590 5053 scrut,
1607 5009 1664 5058 qum
1679 4993 1749 5044 nostri
1763 4989 1808 5040 sunl

217 5079 340 5150 ζητητέον
353 5076 383 5135 τό
399 5073 504 5150 ἀγαθόν·
522 5073 566 5132 ἵνα
588 5072 709 5153 τύχωμεν
726 5073 830 5142 πάντως
850 5079 998 5148 ζητοῦντες,
1042 5082 1133 5134 arbitrii
1139 5083 1183 5146 ;in
1196 5083 1234 5134 bis
1242 5085 1331 5134 bonum
1341 5090 1378 5134 est
1387 5084 1551 5148 quaerendum.
1584 5081 1808 5146 llalret,utonruino

216 5164 259 5225 διδι
269 5165 298 5225 τδ
310 5165 393 5247 κύριοι
411 5154 477 5222 εἶναι
494 5168 540 5222 τοῦ
557 5163 653 5242 τυχεῖν,
674 5161 756 5244 (εἴπερ
778 5163 862 5244 κύριοι
875 5167 921 5222 τοῦ
939 5162 999 5246 δρέ-
1042 5178 1066 5222 et
1081 5185 1258 5236 consequamur
1275 5173 1300 5224 id
1311 5173 1376 5238 qnod
1392 5174 1523 5237 quaerimus
1534 5209 1541 5235 ‚
1551 5179 1677 5238 propterea
1693 5171 1752 5238 qnod
1767 5169 1807 5232 ejut

217 5259 308 5336 γεσθαι
330 5253 376 5314 καί
390 5251 515 5314 ἐκκλίνειν
533 5249 603 5312 κατδι
620 5247 695 5332 ρύσιν
712 5249 811 5330 ἐσμέν)
829 5250 874 5310 καὶ
898 5249 935 5330 μὴ
952 5254 999 5312 οὐκ
1043 5260 1217 5326 adeptiopenes
1227 5275 1271 5314 nos
1280 5263 1326 5326 est,
1335 5262 1742 5327 (siquidemadpetitioetdecliuatio
1750 5268 1807 5325 praet

1042 4407 1221 4470 ministremus,
1238 4406 1442 4471 quemadmodum
1451 4411 1538 4460 natura
1552 4423 1636 4460 eornm
1652 4410 1709 4474 lert,
1720 4423 1760 4460 nec
1768 4419 1813 4456 con·

1041 4505 1115 4555 trario
1131 4505 1210 4555 modo.
1242 4507 1302 4556 llam
1315 4505 1354 4556 lue
1372 4505 1442 4557 nobis
1453 4505 1572 4558 felicitatis
1588 4512 1614 4558 et
1630 4507 1732 4559 miserias
1747 4515 1813 4556 causo

1042 4604 1107 4654 snut.
1140 4603 1234 4654 Etenim
1245 4602 1315 4653 bonis
1324 4603 1409 4667 potiri,
1420 4607 1444 4654 et
1452 4603 1478 4654 in
1489 4603 1584 4652 nullum
1601 4603 1692 4654 malum
1708 4601 1809 4654 incidere,

1041 4699 1124 4751 beatm
1135 4701 1190 4752 tacit
1200 4716 1206 4751 :
1218 4701 1288 4752 bonis
1299 4702 1324 4752 et
1335 4701 1435 4751 utilibus
1445 4701 1519 4752 rebus
1526 4701 1651 4762 excidere,
1659 4704 1701 4752 aut
1709 4701 1732 4751 in
1741 4697 1811 4750 noxias
