3814 5792
216 463 252 514 ιο
681 445 864 508 usuros
888 445 1145 508 aurusrsor
1168 448 1208 518 ι,
1231 441 1369 524 ,ια-ν’.

213 580 311 664 λέγειν·
327 580 374 643 καλ
386 581 426 642 δτι
440 581 470 641 οὖ
481 581 522 640 δεῖ
535 580 632 650 παῖδας
643 577 751 657 τοκέων,
765 579 834 641 τοῦτ’
844 577 916 655 ἔστι,
927 576 997 639 κατδι
1041 585 1171 637 liberorum
1181 583 1319 650 perentibus
1328 583 1502 649 obnoxiorum,
1510 596 1613 648 quorum
1622 586 1660 637 est
1669 583 1744 638 diod:
1757 605 1773 634 ι
1781 587 1838 639 sim·

213 670 298 756 ψθιδν,
311 669 402 732 καθότι
413 668 620 754 παρειλήφαμεν.
1041 675 1146 740 pliciter,
1155 679 1228 740 prout
1236 673 1380 738 accepimus.
1393 693 1406 718 ν

255 759 307 838 μζ’.
328 755 463 840 “conspui
481 757 520 827 τίς
533 761 649 819 cordedie
663 748 744 832 εἶπεν,
753 755 793 818 δτι
807 756 896 840 αὔριον
907 755 997 829 τεθνή·
1071 767 1112 816 ti.
1130 761 1341 823 Quemadmodum
1351 763 1372 814 si
1383 761 1438 827 quis
1449 765 1516 814 Deus
1526 763 1570 814 tibi
1582 763 1733 816 dicoretcrae
1747 765 1838 816 autad

213 847 291 930 ξη,ἢ
314 846 418 914 πάντως
432 869 463 927 γε
487 849 524 915 εἰς
540 846 640 927 τρίτην,
658 850 705 908 οὒκ
725 847 762 907 ἔτ’
782 846 814 907 δν
830 844 905 930 παρδ
928 844 997 926 μέγα
1042 865 1164 904 summum
1171 852 1285 918 perendie
1295 858 1319 904 te
1330 853 1487 917 moriturum,
1499 866 1548 904 non
1560 853 1664 918 amplius
1675 855 1761 918 magni
1773 855 1839 906 iace·

213 939 317 1009 ἐποιοῦ,
329 933 359 994 τὸ
374 937 409 1004 εἰς
420 934 509 1016 τρίτην
522 937 631 1015 μᾶλλον,
645 934 662 1008 ἣ
675 935 773 1019 αὔριον,
787 935 811 996 εί
821 959 851 1015 γε
863 933 901 1014 μὴ
916 933 999 1015 έοχά-
1041 955 1094 1007 res,
1106 942 1218 1007 perendie
1232 942 1327 1006 potius,
1342 955 1416 1006 quem
1431 955 1498 1005 cras,
1514 942 1596 1006 obire,
1610 943 1658 994 nisi
1671 943 1838 1008 abjectissimi

212 1048 263 1093 τως
274 1023 382 1102 ἀγεννής
393 1013 431 1083 εί·
442 1023 523 1082 πόσον
534 1023 585 1108 γάρ
595 1027 650 1084 ἔστι
660 1025 691 1085 τδ
703 1023 814 1104 μεταξύ,
824 1022 999 1092 ούτωςκαλτδ
1042 1043 1108 1081 esses
1118 1030 1192 1080 animi
1203 1045 1209 1079 :
1220 1031 1364 1095 quantulum
1376 1031 1439 1082 eninr
1456 1035 1493 1083 est
1503 1031 1671 1083 intervallum?
1684 1033 1720 1083 sie
1731 1047 1838 1097 quoquo

213 1117 248 1182 εἰς
261 1110 404 1173 πολλοστὸν
420 1110 476 1180 έτος
488 1114 597 1191 μᾶλλον,
608 1113 626 1188 ἢ
638 1114 737 1198 αὔριον,
748 1111 829 1193 μηδὲν
847 1111 916 1193 μέγα
931 1103 998 1172 εἶναι
1042 1122 1107 1170 certo
1119 1118 1199 1182 aliquo
1207 1132 1293 1171 eunoc
1304 1119 1388 1170 multis
1397 1120 1491 1185 potius,
1505 1133 1577 1186 quam
1588 1121 1692 1172 meslino
1700 1121 1742 1173 die
1749 1157 1758 1184 ,
1769 1121 1837 1172 mori

213 1201 311 1282 νόμιζε.
1042 1221 1155 1272 magnum
1167 1221 1221 1260 esse
1232 1208 1282 1259 noli
1293 1208 1439 1261 emstimare.
1844 1249 1847 1257 .

254 1291 310 1370 μη’.
332 1289 448 1352 Ἐννοεῖν
463 1293 592 1370 συνεχῶς,
605 1287 682 1349 πόσοι
695 1287 742 1368 μέν
757 1289 841 1374 ἰατροὶ
853 1287 999 1362 ἀποτεθνή-
1073 1302 1113 1350 ee.
1131 1302 1251 1362 Perpetuo
1259 1303 1467 1363 reputerezquem
1475 1299 1545 1350 multi
1554 1299 1640 1350 medici
1649 1299 1836 1362 occubuerunt,

213 1402 276 1450 κασι
275 1376 429 1454 ,πολλάκις
440 1375 487 1446 τδς
500 1380 579 1462 ὀφρῦς
593 1375 658 1460 ὑπὲρ
671 1380 724 1437 τῶν
739 1375 879 1462 ἀρρώστων
894 1376 999 1438 συσπά-
1042 1387 1083 1452 qui
1097 1401 1162 1452 saepe
1174 1401 1246 1452 super
1261 1388 1358 1451 aegrotis
1375 1388 1502 1452 supercilia
1512 1389 1692 1440 contraxerunt!
1704 1393 1768 1454 quot
1782 1401 1836 1438 ma·

195 1468 200 1481 ⁴
215 1485 320 1536 σαντες·
333 1464 409 1528 πόσοι
424 1465 451 1526 δέ
466 1466 661 1546 μαθηματικοὶ,
674 1465 760 1525 ἀλλων
775 1464 914 1542 θανάτους,
924 1463 959 1534 ὥς
972 1488 998 1525 τι
1042 1475 1175 1539 thematiei,
1183 1475 1225 1541 qui
1232 1476 1333 1528 eliorum
1339 1481 1439 1528 mortem
1446 1481 1644 1540 utremmagnam
1650 1476 1834 1542 predixerant!

216 1553 299 1637 μέγα,
309 1553 489 1637 προειπόντες·
504 1552 581 1614 πόσοι
596 1555 624 1614 δέ
636 1554 786 1637 φιλόσοφοι,
799 1555 860 1638 περὶ
870 1553 998 1631 θανάτου,
1042 1569 1101 1627 quot
1112 1563 1243 1628 philosopi,
1258 1563 1301 1630 qui
1315 1565 1345 1616 de
1356 1567 1433 1617 morte
1447 1567 1472 1616 ot
1483 1565 1662 1616 immortalitate
1675 1566 1795 1618 acerrime
1809 1569 1836 1616 et

216 1643 402 1718 ἣάθανασίας,
417 1643 498 1726 μυρία
514 1642 716 1722 διατεινάμενοι·
731 1642 808 1703 πόσοι
821 1645 849 1704 δέ
869 1646 998 1728 ἀριστεῖς,
1042 1652 1207 1716 copiosissime
1213 1652 1387 1704 disseruerunt!
1397 1657 1457 1718 quot
1467 1653 1607 1720 bellatores,
1618 1653 1660 1719 qui
1670 1654 1764 1706 multos
1776 1667 1834 1718 per·

216 1730 327 1797 πολλοδς
339 1729 549 1800 ἀποκτείναντες·
559 1729 636 1790 πόσοι
648 1731 675 1789 δέ
686 1727 819 1814 τύραννοι,
834 1729 936 1812 ἐξουσίᾳ
947 1733 998 1812 ψυ-
1042 1743 1162 1793 emersisti
1174 1746 1236 1806 quot
1249 1743 1357 1807 tyranni,
1371 1743 1481 1808 quirites
1491 1744 1605 1808 ινοοίεφιιο
1619 1747 1737 1808 ροίεειεθο
1751 1742 1835 1794 horri-

215 1819 271 1898 χῶν
283 1815 350 1896 μετδ
363 1819 444 1877 δεινοῦ
457 1816 627 1899 φρυάγματος
642 1821 676 1886 ὡς
686 1817 811 1878 ἀθάνατοι
825 1815 997 1900 κεχρημένοι·
1043 1830 1086 1882 biii
1097 1844 1153 1882 oona
1167 1831 1230 1882 tastu
1243 1833 1359 1898 uuquam
1370 1833 1518 1884 immortales
1529 1833 1568 1884 usi
1580 1834 1659 1884 emuti
1671 1834 1731 1897 quot
1741 1833 1834 1896 urbes,

215 1901 296 1962 πόσαι
305 1903 333 1964 δὲ
344 1902 433 1972 πόλεις
441 1903 514 1979 δλαι,
523 1904 556 1964 ἵν’
567 1904 648 1974 οθτως
659 1904 738 1978 είπω,
751 1904 914 1978 τεθνήκασιν,
927 1903 999 1966 Ἑλί·
1042 1919 1071 1970 ut
1086 1921 1120 1970 ita
1131 1919 1210 1970 dicam
1220 1956 1227 1982 ,
1239 1925 1356 1972 emortuae
1370 1925 1440 1984 sunt,
1452 1922 1534 1974 Helice
1549 1927 1574 1973 et
1588 1921 1695 1986 Pompeii
1705 1926 1730 1972 et
1740 1925 1835 1972 Hereu-

215 2013 267 2065 κη,
281 1992 326 2052 καὶ
344 1991 498 2072 nepesine,
516 1992 562 2053 καλ
581 1993 728 2076 Ἧρκλάνον
743 1993 789 2054 καλ
809 1993 890 2054 άλλαι
909 1992 999 2077 ἀναρί-
1043 2007 1159 2059 ienumet
1171 2008 1227 2060 alie
1237 2008 1438 2061 innumerabiles!
1451 2008 1519 2061 Adde
1532 2023 1594 2074 quos
1605 2010 1657 2074 ipse
1667 2010 1773 2072 novisti,
1789 2008 1835 2072 qui

216 2085 319 2159 θμητοι.
348 2079 442 2142 Ἔπιθι
454 2081 481 2140 δέ
493 2081 538 2141 καί
550 2079 625 2150 ὅσους
637 2075 722 2156 οἶδας,
736 2083 814 2143 ἀλλον
828 2085 871 2165 ἐπ’
885 2081 971 2164 ἄλλῳ·
986 2085 1000 2142 θ
1043 2096 1116 2146 elium
1124 2101 1179 2162 post
1191 2095 1278 2161 adum,
1290 2099 1419 2164 postquem
1428 2099 1468 2148 iiic
1476 2098 1541 2149 iliius
1554 2099 1678 2163 exsequias
1687 2099 1799 2160 curarit,
1809 2099 1835 2147 et

217 2167 264 2246 μέν
273 2175 364 2230 τοῦτον
375 2168 518 2246 κηδεύσας,
531 2164 588 2230 εἶτα
598 2169 703 2246 ἐξετάθη
712 2175 743 2245 ,δ
754 2171 781 2232 δὲ
793 2175 902 2231 ἐκεῖνον·
912 2171 999 2232 πάντα
1043 2185 1094 2248 ipse
1103 2185 1180 2238 elatus
1187 2185 1308 2252 est,alies
1317 2187 1483 2253 alium,atque
1490 2187 1543 2238 hoec
1551 2187 1705 2239 omniabreri
1712 2191 1833 2250 tempore.

216 2256 243 2316 δὲ
258 2259 285 2317 ἐν
299 2262 402 2340 βραχεῖ.
423 2257 464 2321 Τδ
473 2258 524 2342 γδρ
536 2258 606 2335 ὅλον,
616 2262 730 2320 κατιδεῖν
740 2258 782 2319 ἀεί
792 2258 827 2320 τά
835 2258 998 2344 ἀνθρώπινα,
1044 2276 1145 2325 summe
1156 2276 1194 2325 est
1205 2290 1212 2326 :
1224 2287 1319 2342 sempor
1330 2275 1436 2327 humane
1449 2277 1551 2342 spectari
1562 2279 1671 2342 oportere
1683 2275 1743 2326 ullu
1753 2287 1833 2326 unum

215 2349 250 2414 ιδς
264 2347 383 2430 ἐφήμερα
393 2346 439 2407 καὶ
453 2349 557 2421 εὐτελῆ·
567 2348 613 2408 καλ
625 2349 697 2429 ἐχθές
709 2348 756 2428 μέν
767 2347 900 2431 μυξάριον,
911 2347 999 2432 αὔριον
1044 2361 1109 2412 diem
1125 2363 1235 2415 durantia
1244 2368 1269 2416 et
1278 2365 1349 2428 viiia,
1358 2364 1410 2416 fleri
1419 2375 1532 2429 mucum,
1547 2377 1601 2416 crus
1612 2365 1729 2416 sciturum
1740 2369 1785 2414 aut
1799 2364 1834 2414 ta·

217 2433 244 2492 δέ
264 2433 384 2515 τάριχος,
402 2433 420 2507 ἢ
443 2434 533 2518 τέφρα.
574 2436 616 2498 To
635 2439 771 2520 ἀκαριαῖον
793 2427 836 2497 odo
857 2443 935 2497 τοῦτο
954 2442 999 2497 τοῦ
1043 2451 1200 2504 villem2hoc
1208 2453 1275 2518 quod
1284 2453 1368 2518 puncti
1379 2455 1454 2506 instar
1464 2454 1557 2507 obtinet
1564 2459 1661 2519 tempus
1670 2459 1764 2506 naturoe
1775 2467 1833 2504 con·

216 2520 310 2603 χρόνου
326 2520 484 2604 κατὰφύσιν
504 2525 622 2604 διελθεῖν,
637 2525 683 2584 καί
696 2524 774 2584 ἵλεων
792 2527 953 2599 καταλῦσαι,
965 2528 1000 2594 ὡς
1043 2539 1167 2592 venientes
1175 2542 1304 2606 transigere
1313 2547 1338 2594 at
1347 2557 1417 2608 ωηο
1427 2543 1508 2594 animo
1516 2543 1573 2594 hinc
1581 2542 1703 2594 defflere
1708 2579 1716 2605 ‚
1725 2543 1829 2606 perinde

217 2608 249 2668 διν
264 2613 286 2669 εἰ
298 2609 373 2670 ἐλαία
386 2609 507 2694 πέπειρος
516 2611 643 2693 γενομένη
656 2613 774 2690 ἔπιπτεν,
785 2617 937 2698 εὐφημοῦσα
950 2613 999 2687 τὴν
1043 2632 1115 2692 atque
1124 2629 1188 2679 olins
1199 2631 1363 2682 maturitatem
1373 2627 1460 2696 adepta
1471 2631 1605 2696 decideret,
1619 2631 1758 2696 genitricem
1770 2631 1828 2698 [ter-

217 2700 382 2778 ἔνεγκοῦσαν,
397 2698 442 2758 καὶ
455 2700 535 2782 χάριν
550 2703 632 2761 εἰδυῖα
646 2705 684 2786 τῷ
697 2701 807 2784 φύσαντι
821 2701 926 2786 δένδρῳ.
1043 2715 1105 2781 ram]
1114 2718 1253 2771 coileudens
1260 2720 1387 2784 arborique
1396 2719 1501 2784 gignenti
1512 2721 1600 2784 gratias
1609 2733 1689 2784 egens.

257 2787 311 2864 μθ’.
325 2785 439 2867 Ὅμοιον
455 2779 520 2848 εἶναι
533 2794 564 2870 τῇ
577 2788 660 2874 άκρφ,
674 2783 827 2872 ᾔδιηνεκῶς
843 2791 878 2852 el
891 2791 999 2872 κύματα
1074 2807 1114 2858 ts.
1131 2808 1290 2858 Promontorii
1307 2808 1382 2858 iuster
1400 2822 1466 2873 esse,
1482 2809 1513 2859 ad
1528 2808 1594 2873 quod
1610 2807 1697 2859 ductus
1712 2812 1832 2872 perpetuo

218 2875 482 2958 προσρήσσεται·ἡδὲ
492 2877 596 2954 ἔστηκε,
604 2879 650 2939 καλ
658 2879 718 2961 περὶ
726 2879 808 2955 αθτλν
815 2879 1001 2961 κοιμίζεταιτά
1044 2892 1175 2946 alliduntur
1190 2895 1358 2947 :illudentem
1374 2897 1484 2948 consistit
1499 2901 1524 2948 et
1539 2897 1603 2947 circe
1616 2909 1643 2949 se
1654 2896 1727 2947 maris
1741 2900 1832 2946 metum

218 2965 406 3046 φλεγμήναντα
415 2973 462 3027 τοῦ
476 2965 576 3036 ὕδατος.
590 2970 778 3050 -εἈτυχὴς
790 2969 857 3050 έγιδ,
870 2970 911 3031 ότι
924 2971 1001 3032 τοῦτό
1044 2984 1183 3048 compescit.
1217 2985 1698 3049 «omeinieiicemmuihooacoideritio
1729 2986 1831 3038 liinimc

218 3077 263 3133 μοι
277 3053 382 3129 συνέὸη.
395 3090 435 3100 -
450 3059 594 3136 Οὖμενοῦν·
613 3060 683 3133 ἀλλ’,
701 3087 714 3114 ι
728 3058 850 3140 Εὗτυχὴς
861 3058 928 3140 ἐγὼ,
944 3058 999 3136 dre,
1043 3084 1115 3136 vero,
1128 3072 1170 3124 sed
1182 3093 1194 3118 α
1206 3076 1228 3124 0
1238 3087 1276 3124 me
1287 3073 1399 3138 beatum,
1414 3075 1470 3140 qui,
1484 3057 1560 3139 quum
1572 3075 1617 3125 hoo
1627 3075 1685 3125 mihi
1700 3073 1829 3134 acciderit,

217 3141 308 3202 τούτου
318 3166 363 3222 μοι
373 3143 579 3224 συμὸεθηκότος,
591 3145 689 3214 ἀλυπος
699 3147 820 3222 διατελῶ,
828 3147 888 3208 οὔτε
897 3148 948 3209 θπδ
954 3156 999 3210 τοῦ
1044 3161 1096 3212 sine
1105 3161 1187 3214 dolore
1196 3163 1277 3214 viram
1283 3200 1291 3226 ,
1302 3177 1381 3228 neque
1390 3167 1529 3229 apreesente
1539 3164 1587 3214 ictu
1594 3163 1832 3226 vulneratus,ueque

221 3230 349 3314 παρόντος
359 3231 591 3314 θραυόμενῡς,οὗτε
601 3233 631 3294 τὸ
642 3237 714 3296 ίπῑθν
725 3235 894 3318 φνὸούμενος.
908 3265 921 3292 ν
929 3242 1001 3320 Συμ-
1060 3251 1133 3301 iuturi
1145 3252 1267 3302 metuens!
1287 3269 1299 3297 ο
1316 3254 1376 3302 Nem
1387 3252 1436 3302 tale
1448 3252 1507 3317 quid
1523 3251 1628 3303 accidere
1641 3255 1733 3316 poterat
1747 3251 1834 3307 cuivis

219 3319 298 3393 θῆναι
308 3319 417 3400 μὲνγὰρ
428 3321 459 3381 τδ
470 3329 571 3383 τοιοῦτο
585 3323 664 3384 παντὶ
678 3321 795 3384 ἐδύνατο·
811 3323 909 3395 άλυπος
925 3327 953 3387 δέ
970 3331 999 3388 οὐ
1044 3337 1145 3390 sednon
1156 3339 1249 3403 quiris,
1262 3339 1283 3389 si
1293 3341 1340 3391 hoc
1350 3341 1373 3391 ci
1384 3340 1527 3405 accidisset,
1537 3340 1619 3391 dolore
1628 3339 1833 3391 recuusmansis.

218 3417 271 3475 πᾶς
281 3408 325 3467 ἐπὶ
333 3408 417 3491 τούτῳ
428 3407 459 3468 δν
471 3409 608 3473 διετέλεσε.
650 3403 793 3473 Διάτίοίίν
807 3415 889 3474 ἐκεῖνο
899 3418 999 3494 μᾶλλον
1045 3431 1090 3477 set.
1122 3430 1202 3486 Quare
1212 3427 1284 3491 igitur
1292 3427 1352 3479 iliud
1363 3429 1521 3480 intortunium
1531 3430 1711 3493 potius,qusm
1721 3427 1768 3478 lroc
1781 3426 1830 3479 ieli-

220 3493 359 3576 ἀτθχημα,
374 3495 391 3568 ἢ
404 3503 481 3559 τοῦτο
493 3499 644 3581 εὐτύχημα;
656 3499 740 3580 λέγεις
753 3499 781 3560 δέ
792 3499 859 3571 ὅλως
874 3501 1000 3585 ἀτύχημα
1044 3515 1119 3566 citas?
1128 3519 1192 3567 lium
1203 3516 1303 3568 omniuo
1313 3517 1339 3568 id
1350 3517 1507 3569 lniortunium
1516 3530 1601 3580 roms,
1610 3531 1659 3580 quo
1670 3515 1775 3566 hominis
1785 3517 1831 3566 ior·

220 3582 442 3665 ἀνθρώπου,δοθκ
450 3585 520 3649 ἔστιν
528 3587 682 3668 ἀπότευγμα
692 3594 738 3662 τῆς
746 3589 898 3672 φύσεωςτοῦ
906 3591 1002 3676 ἀνθρώ·
1045 3607 1103 3654 tune
1111 3617 1158 3654 non
1166 3605 1425 3657 imstreturiirominis
1435 3610 1556 3658 denatura
1566 3605 1672 3660 frustrari
1680 3605 1721 3656 uui
1732 3605 1829 3655 ridetur

219 3695 283 3746 πούς
296 3669 450 3754 ἀπότευγμα
462 3673 489 3734 δέ
503 3679 549 3748 τ’ἠς
563 3672 665 3757 φάσεως
677 3682 723 3735 τοῦ
734 3677 871 3760 ἀνθρώπου
883 3671 949 3740 είναί
961 3706 1001 3743 σοι
1045 3693 1158 3758 eo,quod
1165 3695 1457 3746 noncontmroluntatem
1466 3693 1665 3756 netureeeJusiiti
1673 3693 1736 3753 Quid
1744 3694 1830 3756 igitur?

220 3761 304 3834 δοκεῖ,
318 3760 333 3820 δ
347 3760 384 3839 μὴ
399 3761 473 3844 παρδι
483 3761 514 3822 τὸ
530 3762 653 3845 βούλημα
669 3768 716 3836 τῆς
729 3763 830 3847 φύσεως
842 3769 922 3828 αὐτοῦ
936 3772 1001 3846 ἐστις
1045 3781 1199 3832 Voluntatem
1209 3783 1290 3834 nosti:
1300 3796 1359 3833 num
1370 3781 1443 3847 igitur
1450 3783 1473 3833 id
1484 3781 1548 3847 quod
1557 3781 1601 3833 tibi
1609 3780 1709 3844 eccidit,
1718 3786 1743 3832 te
1755 3781 1831 3846 irnpe-

219 3848 254 3910 Τί
267 3839 325 3925 ούνς
337 3849 367 3910 τδ
385 3848 507 3932 βούλημα
520 3851 684 3930 μεμάθηκας·
701 3852 738 3932 μή
756 3877 782 3912 τι
793 3844 837 3914 σύν
852 3855 883 3916 τδ
899 3858 1000 3937 συμόε-
1045 3869 1107 3932 diet,
1118 3871 1248 3934 quominus
1256 3871 1339 3936 justus
1351 3872 1399 3934 sis,
1411 3872 1590 3936 magnanimus,
1605 3873 1754 3935 temperans,
1771 3883 1831 3933 pru-

220 3937 299 4012 ὅηκθς
316 3945 392 4000 τοῦτο
409 3936 522 4000 κωλύσει
540 3963 570 4000 σε
591 3939 689 4002 δίκαιον
708 3932 788 4016 εἶναι,
807 3944 1001 4028 μεγαλόψυχον,
1046 3958 1119 4021 dens,
1131 3959 1162 4010 uh
1175 3960 1322 4012 assentiendi
1332 3959 1468 4013 temeritato
1478 3960 1586 4020 alienus,
1598 3957 1685 4010 erroris
1700 3957 1831 4026 immunis,

221 4025 355 4108 σώφρονα,
370 4027 500 4111 ἔμφρονα,
520 4026 700 4111 ἀπρόπτωτον,
722 4029 903 4114 ἀδιάψευστον,
923 4036 1002 4110 αἰδή-
1046 4048 1205 4112 verecundus,
1212 4049 1273 4102 liber
1281 4049 1554 4115 ceterisquerlrtntibus
1562 4053 1722 4113 ornatusque
1734 4048 1832 4112 quondo

221 4136 302 4192 μονα,
316 4115 457 4200 ἐλεύθερον,
475 4117 574 4194 τάλλα,
593 4109 629 4180 ὧν
647 4117 784 4203 παρόντων
802 4126 819 4194 ἡ
834 4122 908 4206 φύσις
921 4129 938 4198 ἡ
956 4131 1002 4187 τοῦ
1046 4137 1145 4200 adsunt,
1155 4143 1242 4190 nutura
1252 4140 1358 4192 hominis
1368 4140 1441 4192 habet
1452 4139 1498 4191 sibi
1508 4139 1618 4204 proprio?
1630 4136 1703 4198 Quod
1711 4136 1833 4201 reliquum

221 4201 356 4284 ἀνθρώπου
371 4204 464 4286 ἀπέχει
475 4204 509 4266 τδι
522 4207 591 4282 ίδια;
604 4207 735 4288 Μέμνησο
748 4209 840 4271 λοιπδν
852 4212 897 4272 ἐπὶ
906 4214 1002 4285 παντὸς
1046 4231 1098 4290 est,
1116 4235 1237 4280 memento
1255 4231 1280 4281 in
1297 4231 1363 4281 omni
1376 4243 1416 4292 re,
1433 4241 1488 4294 quse
1506 4226 1536 4279 ad
1554 4226 1661 4279 dolorem
1676 4227 1701 4278 te
1716 4225 1835 4290 impellit,

220 4295 266 4349 τοῦ
281 4292 317 4358 εἷς
329 4291 414 4364 λύπην
429 4317 458 4353 σε
470 4296 663 4378 προαγομένου,
680 4297 765 4381 τούτῳ
778 4303 893 4382 χρῆσθαι
903 4306 942 4387 τῷ
959 4301 1003 4364 δό-
1044 4313 1111 4365 iliius
1127 4314 1230 4378 decreti,
1248 4316 1274 4367 id
1292 4329 1341 4368 nou
1357 4329 1412 4370 esse
1429 4317 1599 4380 intortunium,
1616 4314 1660 4368 sed
1675 4327 1789 4380 generose
1811 4315 1834 4365 id

220 4401 311 4458 γματι·
327 4382 376 4460 οὐχ
392 4380 431 4440 ότι
441 4389 518 4443 τοῦτο
537 4385 676 4468 ἀτύχημα,
695 4387 764 4449 ἀλλά
779 4389 810 4449 τὸ
833 4389 919 4475 φέρειν
937 4394 1001 4456 αὐτὸ
1046 4403 1108 4455 ferre
1119 4415 1174 4458 esse
1185 4405 1330 4458 felicitatem.

220 4467 342 4546 γενναίως
372 4468 516 4552 εὐτύχημα.

261 4556 294 4618 δ’·
318 4556 460 4618 ’mimmii
471 4558 527 4638 plu,
538 4559 608 4640 ὅμως
619 4561 646 4623 δέ
656 4565 793 4628 &sustulit
804 4569 926 4651 βοήθημα
938 4571 1002 4656 πρὸς
1077 4594 1116 4642 50.
1132 4587 1380 4654 Plebeium‘quidem‚
1388 4587 1565 4644 eitimxtumen
1575 4589 1613 4643 est
1626 4589 1790 4654 adiumentum
1799 4585 1829 4640 ud

222 4643 332 4706 duodece
350 4649 552 4732 καταφρόνησιν,
580 4657 598 4726 ἡ
623 4655 784 4731 ἀναπάλησις
795 4664 847 4720 τῶν
871 4662 1003 4746 γλίσχρως
1045 4673 1148 4719 mor-tem
1165 4668 1382 4732 contemnendum,
1398 4669 1516 4720 memoris
1532 4670 1638 4721 recolere
1654 4681 1696 4718 eos
1713 4669 1755 4732 qui
1772 4669 1828 4718 vitm

222 4731 488 4821 ένδιατριψάντωντῷ
506 4742 562 4820 ζῇν.
604 4740 640 4801 Τί
654 4732 698 4802 οδν
711 4747 797 4816 αὐτοῖς
810 4747 889 4810 πλέον
912 4750 929 4824 ἣ
950 4753 1004 4821 τοῖς
1046 4747 1329 4810 pertinaciterinhaesere.
1362 4749 1612 4814 Quidigiturpiusest
1628 4749 1830 4813 iisqusmimme·

222 4819 316 4903 ἀώροις
321 4848 330 4895 3
346 4823 451 4896 πάντως
468 4833 518 4888 ποῦ
532 4851 598 4889 ποτε
614 4833 730 4908 nrm,
749 4837 907 4908 Rapum&
939 4841 1003 4902 Φχ,
1046 4830 1100 4876 ture
1109 4827 1359 4879 defunctisiomnino
1368 4828 1456 4880 alieubi
1463 4829 1544 4893 lacent
1553 4829 1716 4892 caecidimus,
1728 4828 1829 4890 Fabius,

222 4903 290 4982 ἕως,
307 4909 459 4991 Ἰουλιανὸς,
473 4914 587 4986 Λέπιδος
606 4917 710 4992 mm
721 4928 836 4994 τοιαῦτα,
857 4925 882 4986 op
892 4886 1003 5000 “M
1045 4903 1169 4968 Julianus,
1185 4906 1291 4969 Lepidus
1308 4911 1351 4956 aut
1367 4906 1388 4956 si
1399 4906 1456 4971 quie
1473 4907 1534 4958 alius
1550 4907 1602 4971 ejus
1617 4908 1710 4972 generis
1727 4911 1776 4969 ost,
1788 4905 1829 4970 qui

221 4991 368 5074 ἐξήνεγκαν,
380 4989 436 5060 εἶτα
450 4964 633 5084 ἐξηνέχθηέαψ
647 5006 704 5069 ,ελον
726 5010 818 5092 μικρόν
833 4971 888 5074 ἔστι
898 5015 930 5076 τὸ
942 5017 1003 5076 διά.
1045 4997 1120 5046 quum
1129 4983 1829 5052 multosextulissent,etipsielatisuntiomninoparrum

222 5103 320 5160 στημα,
329 5085 376 5144 καί
384 5093 462 5150 τοῦτο
471 5089 503 5149 δι’
511 5090 590 5174 όσων,
599 5094 645 5155 καί
655 5099 711 5176 μεθ’
722 5096 782 5158 οἵων
792 5099 1002 5184 ἐξαντλούμενον,
1045 5061 1511 5208 mgffiuefflpifflogguffi
1524 5063 1829 5204 ἓέίιςδηίύιηθίωῐίόίίίίθί

221 5169 268 5284 fd,
278 5174 306 5232 ἐν
317 5171 364 5260 οἴῳ
378 5177 518 5264 σωματίῳδ
533 5180 571 5262 μὴ
585 5173 630 5244 ⁰3⁹
641 5189 676 5254 ὡς
689 5196 842 5270 meppie...
860 5191 940 5264 βλέπε
951 5193 1002 5280 ia?
1046 5219 1115 5282 quusi
1133 5231 1247 5282 magnum
1263 5219 1389 5284 aliquid...
1410 5222 1541 5274 considere
1563 5221 1629 5272 enim
1649 5219 1764 5286 preteriti
1783 5217 1829 5268 ueri

221 5279 306 5322 οπισιο
319 5263 350 5326 πθ
364 5265 459 5352 ἀχανές
469 5276 515 5332 τοῦ
527 5274 633 5354 αἰῶνος,
647 5276 692 5336 xot
702 5277 732 5338 τδ
744 5277 835 5363 πρόσω
846 5280 911 5346 ἄλλο
923 5282 1000 5346 άπει-
1045 5297 1247 5366 immensitatem,
1259 5297 1336 5354 tutori
1350 5299 1434 5354 itidem
1452 5299 1525 5356 alem
1536 5299 1734 5355 immensitatem!
1746 5297 1771 5349 in
1786 5295 1829 5348 hee
