3814 5792
1539 327 1565 356 μ,
1645 313 1663 344 a.

347 388 407 434 vul
894 379 1097 444 ammo

349 519 451 592 nensi
468 518 483 617 )
498 521 707 596 servabitur.
731 526 819 598 Mihi
839 553 1064 628 nequaquam
1096 533 1239 630 placent
1266 535 1478 631 hujusmodi
1508 560 1682 610 excursus

348 644 470 742 potius
505 671 614 742 quam
649 652 852 743 versiones,
878 679 959 751 quae
987 658 1172 754 ingenium
1209 662 1416 759 interpretis
1447 661 1596 760 quidem
1623 661 1712 760 ὼε·Ι

349 782 571 861 monstrant,
595 796 740 846 sensum
755 777 910 848 auctoris
927 779 1105 852 incertum
1123 797 1159 854 et
1177 783 1394 875 obscurum,
1422 811 1469 858 ue
1488 787 1606 858 dicam
1626 787 1683 858 in·

349 907 484 964 tactum
506 896 727 995 aliquando,
751 901 864 974 immo
886 907 1098 1003 saepissime,
1118 908 1375 1005 relinquunt.»
1400 913 1514 1006 Hujus
1532 911 1680 984 licentiat

348 1019 495 1114 vestigia
508 1020 563 1090 vel
577 1020 865 1120 frequentissima
878 1013 1132 1103 immutatione
1142 1047 1178 1103 et
1188 1033 1471 1130 interpolatione
1484 1033 1592 1106 obrui
1607 1059 1679 1108 non

347 1153 543 1236 poterant,
574 1143 709 1239 etjam
743 1149 895 1244 poenitet
929 1165 1000 1221 tam
1036 1151 1213 1224 lectorum
1240 1179 1350 1252 quam
1379 1180 1457 1228 mea
1483 1157 1594 1252 gratia
1625 1179 1681 1226 me

349 1263 399 1335 ob
414 1266 651 1338 Heinsiannm
668 1295 802 1344 nomen
817 1274 933 1346 Paccii
947 1277 1283 1376 interpretationem
1298 1279 1505 1376 neglexisse.
1523 1279 1682 1352 Iudicem

350 1389 601 1484 Davisiauum,
626 1394 663 1464 in
695 1419 770 1492 quo
797 1396 879 1494 plus
913 1414 1059 1471 centum
1084 1403 1235 1474 nomina
1262 1403 1404 1500 repperi
1432 1428 1510 1474 esse
1538 1403 1682 1485 omissa,

351 1514 505 1586 multum
527 1517 702 1589 auximus.

398 1638 519 1710 Codex
540 1643 668 1738 Regius
687 1659 740 1714 est
760 1646 879 1718 saeculi
898 1645 1029 1720 decimi
1047 1649 1207 1720 incuntis
1226 1649 1281 1720 vel
1298 1649 1460 1720 exeuntis
1480 1650 1588 1738 noni,
1608 1650 1685 1721 sinc

351 1762 426 1834 ullo
444 1765 663 1861 compendio
688 1767 864 1865 scriptus,
899 1769 1065 1842 «eadem
1104 1785 1144 1842 ut
1164 1770 1307 1843 videtur
1330 1796 1438 1842 manu
1478 1796 1549 1868 qua
1572 1772 1685 1843 Plato·

351 1888 407 1957 nis
436 1886 592 1960 codex»
621 1891 781 1987 egregius
824 1892 986 1989 ejusdem
1025 1894 1279 1985 bibliothecae,
1305 1894 1405 1992 quod
1434 1895 1471 1965 in
1507 1894 1680 1966 schedula

351 2008 468 2088 codici
486 2009 610 2082 addita
629 2027 843 2083 annotatum
862 2013 978 2086 video.
1005 2020 1095 2087 Eum
1110 2041 1151 2088 ex
1174 2018 1426 2114 antiquissimo
1448 2015 1541 2111 libro
1565 2017 1685 2088 uncia·

350 2131 447 2202 libus
466 2132 577 2204 literis
598 2135 732 2232 scripto
755 2135 957 2208 derivatum
984 2163 1062 2211 csse
1087 2138 1160 2210 hoc
1185 2137 1321 2211 indicio
1349 2139 1505 2235 colligo:
1532 2139 1595 2211 ubi
1619 2137 1685 2241 du-

350 2255 453 2328 bium
474 2256 622 2355 aliquod
645 2274 706 2330 aut
725 2275 937 2357 corruptum
960 2262 1178 2335 vocabulum
1204 2263 1350 2352 incidit,
1376 2262 1476 2361 quod
1500 2265 1686 2335 sententiae

354 2392 514 2448 tenorem
540 2378 779 2477 interrumpat
799 2396 860 2452 aut
884 2381 929 2453 ab
950 2382 1097 2456 librario
1114 2410 1191 2456 non
1213 2384 1490 2480 intelligeretur,
1508 2383 1684 2454 continuo

352 2516 517 2570 arcentur
534 2505 748 2574 omittuntur.
780 2505 874 2575 Hinc
901 2509 1103 2579 necessario
1131 2508 1286 2580 efficitur
1308 2523 1369 2579 aut
1392 2522 1556 2578 nostrum
1578 2506 1685 2578 libra-

352 2623 447 2694 rium
479 2639 541 2696 aut
576 2651 659 2696 eum
691 2629 793 2724 cujus
818 2629 1064 2728 apographum
1093 2647 1256 2704 accurate
1279 2632 1481 2731 expressit,
1517 2645 1685 2702 accentus

354 2749 513 2846 pinxisse
531 2751 715 2847 primum,
744 2751 844 2849 quod
866 2753 942 2825 lieri
975 2780 1049 2826 non
1077 2757 1198 2854 potuit
1217 2758 1254 2828 in
1277 2755 1461 2828 vocabulis
1479 2755 1601 2827 dubiis
1623 2768 1686 2826 aut

353 2887 579 2956 monstrosis.
610 2885 754 2956 Scholia
782 2888 819 2958 in
853 2889 1038 2985 margine,
1069 2904 1279 2987 argumenta
1306 2902 1340 2961 ct
1364 2887 1455 2972 πίναξ
1482 2887 1684 2960 uncialibus

351 3009 464 3078 literis
483 3009 614 3106 scripta
635 3025 720 3080 sunt
749 3035 833 3081 cum
857 3027 1072 3084 accentuum
1101 3014 1207 3085 notis.
1233 3017 1281 3085 Ea
1309 3030 1431 3086 autem
1455 3013 1685 3086 accuratione

353 3147 388 3202 et
410 3135 609 3229 integritate
628 3147 681 3204 est
708 3133 770 3204 hic
795 3133 904 3224 liber,
934 3150 973 3205 ut
993 3135 1270 3234 orthographica
1296 3137 1387 3208 ratio
1417 3136 1494 3234 ejus
1519 3136 1685 3206 universa

352 3267 398 3342 ab
412 3295 470 3341 me
489 3286 609 3366 posset
624 3270 886 3368 repraesentari,
901 3269 959 3340 his
978 3266 1210 3340 solummodo
1228 3269 1385 3366 exceptis
1403 3295 1442 3338 :v
1460 3274 1684 3364 ἐφελκυστικῷ,

353 3401 454 3499 quod
475 3403 581 3499 ponit
598 3401 750 3500 ubique;
770 3417 805 3473 et
823 3401 893 3473 illis
915 3407 959 3471 ὅτ’
979 3400 1027 3490 ἂν,
1043 3406 1076 3489 ὅ,
1098 3431 1130 3472 τι
1147 3401 1210 3488 οὖν,
1227 3399 1440 3496 οὐκὰν,(]ιιοά
1456 3414 1681 3497 praeterpau-

353 3535 518 3607 cissimos
531 3535 630 3606 locos
650 3534 775 3606 scribit
791 3560 859 3632 pro
870 3541 925 3607 οὐκ
946 3535 980 3605 ἂν
998 3561 1005 3603 :
1027 3533 1226 3604 infinitivos
1241 3549 1276 3605 et
1290 3535 1469 3631 optativus
1487 3532 1609 3605 aoristi
1623 3531 1681 3604 bis

354 3683 451 3739 terve
479 3666 691 3764 distinguit,
714 3683 872 3739 ceterum
898 3667 1034 3765 ubique
1054 3681 1179 3746 ποιῆσαι
1201 3665 1325 3738 scribit
1348 3666 1497 3765 quando
1528 3665 1684 3737 debebat

287 3837 288 3840 ¹
354 3807 500 3890 ποιήσαις
520 3799 678 3898 denique
693 3800 729 3870 in
746 3799 922 3871 encliticis
934 3799 1095 3887 fluctuat,
1111 3797 1221 3870 modo
1233 3799 1324 3881 ἄλλός
1337 3827 1384 3882 τις
1397 3821 1557 3885 exarans,
1572 3793 1682 3865 modu

354 3938 450 3995 recte
464 3921 591 3994 :sedin
605 3922 663 3992 his
673 3945 820 4019 quoque
839 3946 879 3992 ea
898 3921 1033 3992 servavi
1046 3945 1125 4016 quae
1135 3918 1277 3991 disertis
1286 3906 1473 4017 praeceptis
1486 3943 1561 3990 nou
1576 3920 1681 3994 refra-

352 4064 539 4146 garentur,
553 4049 590 4118 in
605 4048 731 4120 ceteris
749 4071 832 4119 vero
846 4046 1018 4119 omnihus
1030 4047 1165 4117 scitote
1176 4045 1288 4142 ipsam
1304 4045 1536 4142 scriptionem
1547 4045 1682 4119 codicis

355 4190 496 4263 tenere,
514 4173 583 4244 nisi
605 4171 704 4243 aliud
728 4169 905 4266 significet
926 4170 1125 4241 annotatio
1145 4173 1198 4240 De
1224 4166 1383 4240 secunda
1402 4191 1512 4239 manu
1533 4171 1681 4266 quando

354 4301 502 4396 loquor,
523 4298 683 4395 intelligo
699 4297 802 4370 valde
820 4297 1007 4392 antiquam
1025 4308 1061 4365 et
1078 4294 1204 4390 primae
1219 4292 1680 4390 fcresupparemzestenim

353 4423 422 4495 alia
435 4448 582 4521 quoque
601 4423 863 4511 recentissima,
877 4445 958 4517 quae
972 4419 1149 4512 vulgatam
1166 4415 1277 4488 modo
1292 4415 1431 4507 intulit,
1445 4416 1556 4488 modo
1570 4417 1681 4512 signis

354 4547 545 4638 indicavit,
569 4574 589 4620 a
614 4572 689 4638 me,
718 4562 759 4619 ut
785 4547 970 4645 oportuit,
1002 4543 1148 4615 silentio
1179 4542 1368 4638 praeterita.
1402 4545 1526 4630 Quum
1559 4556 1680 4614 autem

352 4663 500 4735 Davisiii
523 4688 670 4761 quoque
696 4664 901 4734 varietatem
927 4687 969 4733 ex
993 4659 1122 4731 eodem
1145 4657 1271 4730 codice
1293 4656 1439 4729 ductam
1460 4658 1679 4754 receperim,

354 4789 402 4858 ita
435 4787 584 4860 distinxi
608 4803 648 4858 ut
674 4789 818 4885 Regium
844 4811 968 4858 vocem
995 4783 1143 4882 quando
1160 4809 1181 4855 a
1201 4809 1257 4855 me
1271 4796 1416 4854 enotata
1436 4794 1508 4870 est,
1528 4779 1680 4852 codicem

354 4910 503 5010 quando
523 4910 715 4982 aDavisio.
742 4911 814 4999 Qui
850 4934 1059 5008 quanquam
1078 4908 1195 4980 multo
1225 4906 1329 5004 plura
1353 4903 1439 4976 inde
1454 4904 1551 4977 eruit
1569 4929 1678 5002 quam

354 5059 437 5130 ego,
452 5059 530 5106 rara
543 5049 660 5105 tamen
674 5049 727 5105 cst
741 5033 870 5106 codicis
884 5035 1040 5122 mentio,
1055 5033 1139 5130 quia
1163 5031 1333 5129 pleraque
1339 5027 1413 5124 jam
1425 5029 1465 5100 in
1476 5027 1676 5112 oratione-m
