3814 5792
794 415 1003 477 emeno
1523 429 1569 475 m

217 561 470 636 l'rberarentur
499 591 508 635 ε
542 565 785 638 nibilominus
821 565 1008 664 hodieque
1042 567 1138 638 vitiis
1175 565 1373 662 inquinatae
1406 563 1569 658 leguntur

221 687 417 786 plurimis,
449 711 532 786 quae
559 675 704 763 dudum
725 715 746 762 a
770 691 855 762 viris
879 715 972 788 quos
1002 689 1188 762 nominavi
1216 689 1452 786 sagacissimis
1473 700 1575 758 erant

223 812 376 885 sublata.
403 817 542 886 Eorum
575 815 674 885 enim
708 840 789 913 quae
815 815 982 888 Davisius
1008 813 1178 888 codicum
1214 829 1249 886 et
1277 813 1413 910 ingenii
1437 837 1506 909 ope
1535 811 1573 882 in

223 941 406 1036 integrum
433 941 666 1031 restituerat,
699 964 782 1039 pars
819 940 917 1013 haud
940 943 1068 1038 exigna
1092 941 1251 1036 neglecta
1281 955 1335 1012 est
1359 937 1405 1010 ab
1436 937 1575 1010 editore

225 1065 506 1157 Greshamensi,
524 1065 586 1164 qui
610 1091 652 1136 ex
682 1065 847 1138 defuncti
880 1067 1016 1138 Davisii
1045 1065 1188 1138 schedis
1215 1090 1329 1162 greca
1360 1065 1575 1154 constituit,

225 1190 358 1288 amplis
382 1206 505 1261 autem
537 1204 572 1262 et
604 1189 882 1265 admirabilibus
910 1191 1111 1263 Marklandi
1137 1192 1293 1263 inventis
1328 1215 1403 1261 non
1435 1203 1575 1287 poterat

226 1315 296 1402 uti,
319 1315 501 1412 posterius
520 1314 566 1386 ad
590 1341 675 1388 eum
701 1317 932 1388 transmissis.
953 1321 1075 1414 Neque
1103 1315 1246 1388 Reiskio
1271 1315 1445 1386 lectorem
1469 1313 1572 1411 adju·

225 1465 309 1511 vare
331 1439 455 1530 licuit,
484 1457 563 1512 tum
583 1440 732 1513 demum
749 1441 952 1541 appellato,
973 1468 1089 1540 quum
1108 1441 1221 1514 editio
1240 1440 1484 1514 Londinensis
1498 1439 1575 1536 jam

227 1579 301 1636 tota
319 1567 496 1662 exscripta
518 1581 612 1637 esset
632 1567 727 1664 typis
748 1565 1008 1664 Lipsiensibus.
1038 1573 1087 1638 lta
1110 1567 1218 1638 nobis
1240 1565 1514 1664 relinquebatur
1536 1579 1576 1635 ut

224 1688 422 1758 Maximum
437 1690 584 1785 Tyrium
602 1690 726 1761 multis
746 1689 865 1762 modis
884 1690 1169 1762 emendatiorem
1193 1691 1357 1763 emittere
1372 1713 1574 1788 possemus.

222 1809 337 1900 Quod
360 1809 429 1882 hac
449 1813 590 1883 ratione
613 1812 850 1884 instituimus.

273 1935 444 2006 Davisius
459 1961 574 2032 quum
595 1962 637 2009 ex
659 1937 787 2009 codice
806 1941 935 2035 Regio,
952 1940 1056 2036 cujus
1077 1940 1184 2038 plane
1203 1937 1394 2036 singularis
1416 1952 1468 2008 est
1486 1961 1574 2034 prae-

225 2060 379 2149 stantia,
395 2061 611 2133 innumeros
626 2061 726 2134 locos
741 2063 989 2154 emendasset,
1004 2065 1080 2135 lieri
1095 2065 1257 2163 potuisse
1272 2064 1475 2161 suspicatus
1493 2087 1574 2132 sum

228 2198 270 2254 ut
291 2185 329 2256 in
351 2199 422 2256 tam
440 2185 553 2257 divite
578 2212 694 2260 messe
711 2189 820 2286 spicae
845 2189 1009 2286 quaedam
1035 2188 1306 2260 interciderent.
1333 2191 1376 2258 Et
1403 2185 1576 2256 memine-

227 2333 305 2378 ram
322 2308 373 2380 ill.
398 2309 676 2382 Boissonadium
701 2313 738 2382 in
767 2312 962 2384 Anecdotis
986 2311 1104 2410 aliqua
1124 2337 1164 2383 ex
1194 2310 1321 2382 iisdem
1355 2308 1576 2381 membranis

223 2432 447 2529 protulisse3
472 2433 572 2505 haud
597 2433 710 2506 dubie
731 2438 817 2535 quia
843 2438 1028 2508 Davisium
1056 2437 1230 2532 fugerant.
1257 2434 1574 2533 Exspectationem

224 2559 410 2656 superavit
454 2575 633 2649 eventus;
667 2559 781 2631 codex
813 2559 1005 2658 diligenter
1041 2586 1211 2633 excussus
1247 2561 1385 2656 integra
1419 2558 1576 2657 plurima

224 2683 384 2782 praebuit
409 2709 480 2781 pro
506 2683 647 2755 vitiosis
675 2709 754 2782 quae
779 2684 1017 2780 legebantur,
1052 2684 1164 2756 multa
1194 2685 1326 2774 etiam,
1360 2708 1440 2781 quae
1465 2707 1575 2754 nemo

226 2823 369 2906 poterat
390 2823 557 2906 suspecta
581 2807 736 2900 habere,
766 2811 979 2907 exquisitius
1007 2825 1069 2882 aut
1093 2809 1246 2881 nitidius
1274 2809 1465 2880 enunciata
1483 2831 1574 2905 prae·

226 2948 309 3003 stat.
341 2931 412 3006 Sed
441 2932 548 3028 longe
580 2933 684 3005 abest
714 2950 754 3006 ut
782 2960 931 3005 omnem
961 2934 1203 3006 offensionem
1241 2933 1342 3004 tollat
1369 2957 1410 3004 ex
1441 2931 1574 3003 delica·
1629 2907 1632 2916 Α

228 3056 302 3127 tula
322 3055 483 3130 dictione
503 3055 613 3153 bujus
633 3058 842 3158 scriptoris,
867 3084 948 3158 quae
966 3059 1131 3129 criticum
1149 3057 1219 3129 sibi
1241 3057 1358 3155 poscit
1384 3057 1420 3127 in
1447 3055 1574 3152 primis

225 3180 412 3253 subtilem.
432 3185 505 3278 Ego
522 3181 657 3255 veritus
676 3208 723 3254 ne
741 3181 913 3256 audacius
932 3182 1142 3280 refingendo
1160 3207 1240 3280 quae
1262 3197 1360 3252 extra
1374 3181 1573 3279 perlectum

227 3306 313 3376 ferri
335 3305 565 3398 videbantur,
592 3307 862 3407 pessuxndarem
890 3309 998 3380 etiam
1033 3308 1092 3378 illa
1121 3331 1201 3404 quae
1231 3306 1391 3404 maximq
1415 3304 1497 3401 jure
1535 3303 1572 3374 in

226 3431 430 3502 orationem
453 3457 603 3528 graecam
631 3432 846 3529 recepissem
867 3485 877 3523 ,
902 3431 1047 3504 lenibus
1068 3431 1179 3502 modo
1207 3446 1243 3504 ct
1271 3453 1414 3502 summe
1444 3428 1574 3526 proba-

228 3551 368 3624 bilibus
405 3553 627 3649 conjecturis
665 3556 786 3628 locum
826 3555 935 3644 dedi,
963 3555 1027 3626 ubi
1071 3555 1126 3626 vel
1165 3569 1287 3652 aperte
1322 3553 1450 3625 vitiosa
1482 3573 1573 3624 esset

228 3676 425 3773 scriptura,
452 3678 508 3750 vel
526 3679 678 3750 minima
695 3680 897 3752 mutatione
915 3679 1071 3749 multum
1091 3679 1220 3750 nitoris
1239 3677 1392 3750 dictioni
1412 3693 1475 3749 aut
1491 3703 1573 3750 sen·

228 3800 352 3870 tentiae
385 3800 582 3874 accederet.
616 3806 696 3874 Non
733 3827 813 3874 raro
839 3805 957 3874 sciens
989 3803 1119 3901 reliqui
1149 3803 1328 3912 vulgatam
1355 3802 1485 3874 merito
1513 3825 1573 3874 su·
1609 3849 1611 3854 -

229 3940 393 4022 spectem
410 3926 499 4015 ,sed
517 3952 627 4026 quaxn
654 3928 869 3999 ratiunculis
886 3927 1107 4026 quibusdam
1128 3928 1290 4026 speciose
1320 3927 1412 4000 tueri
1435 3951 1572 4026 posses.

232 4048 397 4116 lacunas
422 4071 571 4144 quoque
598 4047 713 4148 rarius
734 4047 857 4119 notavi
886 4072 996 4144 quam
1021 4048 1193 4119 incidisse
1209 4071 1422 4145 persuasum
1442 4045 1572 4118 habeo.

232 4171 499 4257 Quacautioue
515 4170 552 4242 id
571 4172 698 4263 elleci,
727 4186 768 4244 ut
792 4174 989 4244 Maximum
1017 4172 1134 4245 multo
1159 4197 1268 4271 quam
1295 4187 1378 4244 aute
1405 4171 1575 4244 emenda·

230 4295 363 4366 tiorem
384 4295 462 4368 sine
483 4295 686 4368 diffidentia
702 4298 774 4370 ulla
793 4297 908 4395 legere
926 4299 1068 4396 possis3
1097 4299 1140 4370 iis
1159 4313 1280 4370 a'utem
1294 4351 1304 4387 ,
1317 4299 1381 4395 qui
1394 4299 1575 4396 perpolire

231 4417 333 4490 bunc
357 4422 571 4520 scriptorem
599 4422 881 4519 aggredientur,
914 4424 1121 4495 varietatem
1151 4423 1282 4521 optimi
1317 4422 1455 4496 codicis
1490 4448 1573 4496 cum

228 4542 437 4641 pulvisculo
462 4562 715 4645 expromptam
739 4548 865 4621 offero.
895 4553 948 4620 De
973 4573 1046 4645 qua
1071 4549 1285 4646 priusquam
1318 4546 1490 4620 disertius
1519 4573 1576 4619 ex·

231 4694 388 4768 ponam
418 4673 532 4746 verbo
565 4671 764 4746 dicendum
788 4691 842 4748 est
866 4677 1072 4747 versionem
1105 4675 1253 4748 latinam
1284 4699 1362 4747 esse
1390 4699 1433 4746 ex
1460 4677 1574 4746 Hein-

229 4796 333 4866 siuna
344 4796 499 4868 effictam
514 4853 524 4889 ,
539 4799 642 4895 cujus
661 4801 730 4871 viri
751 4801 971 4873 temeritudo
987 4827 1082 4899 saepe
1099 4801 1210 4873 bilem
1233 4802 1366 4890 movit,
1389 4825 1465 4872 non
1483 4799 1575 4870 mibi

231 4917 322 5008 soli,
350 4917 415 4990 sed
433 4920 510 5014 jam
535 4921 766 5014 Marklando,
800 4924 846 4996 ad
874 4925 1090 4996 Dorvillium
1109 4924 1186 4996 baec
1210 4925 1384 4997 scribenti
1412 4925 1479 5020 (p.
1503 4921 1572 5020 337

232 5042 291 5115 ed.
305 5045 407 5142 lips.
426 5046 656 5145 supplicum)
676 5075 716 5118 :x
729 5048 836 5120 Dolet
854 5048 956 5146 quod
973 5048 1115 5146 elegans
1135 5049 1213 5120 haec
1230 5103 1239 5140 ,
1256 5047 1321 5120 sed
1341 5072 1425 5146 vaga
1444 5048 1573 5136 versio,

236 5170 288 5240 vel
311 5168 541 5269 paraphrasis
568 5173 715 5270 potius,
748 5172 885 5244 Heinsii
910 5173 947 5245 in
979 5173 1048 5244 hac
1079 5171 1192 5244 nitida
1219 5171 1379 5243 editione
1408 5171 1572 5266 qLoudi·
