3740 5780
87 457 249 536 (πνοι-ιιι.)
524 453 692 514 ΜΑΧῙΜΙ
718 452 843 515 TYRll
869 456 1060 517 blsssnr.
1088 459 1212 519 XXlll.
1629 475 1666 528 tlt

84 611 138 646 τωνι
155 585 241 667 χαίρει
260 581 393 660 ἀτιμάζων
410 579 543 663 Ὅμηρον,
563 581 616 640 οὔδ’
634 581 703 652 ὅστις
722 581 846 664 Ὅμηρον
890 593 995 656 rejiciant
1009 597 1396 660 flnmunm;'necquillomernm
1408 599 1667 662 mirentur,l’latonem

84 674 199 750 θαυμάζει
210 669 374 753 μεμφόμενος
383 669 520 729 Πλάτωνι·
533 672 563 728 ού
574 669 625 754 γάρ
639 672 847 752 διακεκλήροιται
889 695 936 730 non
949 683 1025 732 ieraut
1041 697 1047 732 :
1068 697 1115 734 non
1131 685 1196 734 euim
1208 685 1309 734 alterum
1326 684 1358 736 ab
1369 685 1444 737 ultero
1464 687 1569 739 divisum
1590 693 1629 741 est
1643 696 1668 744 et

83 762 133 822 otti
154 759 311 840 ἀπέσχισται
330 756 451 838 ἑκάτερον
474 756 595 840 θάτέρου·
615 760 671 819 ἀλλ’
692 759 774 830 ἔξεστί
796 783 846 820 που
889 771 958 832 quasi
975 776 1124 835 separatum3
1139 786 1214 835 quum
1225 772 1297 823 simrsl
1314 778 1339 822 et
1348 774 1456 825 Platonis
1475 777 1564 839 scripta
1574 779 1666 840 colere,

82 849 122 908 καὶ
142 849 173 908 τά
197 847 339 913 Πλάτωνος
365 855 455 924 τιμᾶν,
478 843 523 904 καί
547 847 687 922 θαυμάζειν
713 845 846 930 Ὅμηρον.
889 862 913 908 et
925 859 1004 910 mirari
1016 864 1147 912 llomemm
1156 861 1234 912 liceat.
1266 862 1384 914 ldautem
1398 863 1497 914 srethoc
1507 865 1579 916 modo
1592 881 1598 915 :
1611 866 1668 917 nivi·

60 936 180 1005 εἘζεστι
200 933 228 994 δὲ
241 927 304 994 ὧδε·
322 933 398 993 πάλιν
413 931 503 1003 οἰκίζει
524 933 639 994 Πλάτων
661 939 700 1016 τῷ
718 933 802 1016 λόγῳ,
817 935 846 992 οὗ
888 949 964 997 tatem
974 949 1174 1012 contemplatione
1183 950 1285 1000 instituit
1296 951 1378 1012 Plato,
1388 965 1436 1002 nou
1446 954 1579 1015 creticam,
1588 968 1667 1018 neque

81 1024 217 1108 Κρητικὴν,
236 1021 295 1084 οὐδὲ
315 1021 445 1103 Δωρικήν,
469 1021 526 1082 otti
550 1023 773 1096 Πελοποννησίαν,
787 1024 846 1084 οὐδὲ
889 1047 961 1097 qoam
969 1039 1011 1085 sut
1023 1039 1111 1096 Dores,
1123 1040 1166 1087 aut
1175 1036 1353 1101 Peloponnesii,
1364 1045 1407 1088 snt
1415 1040 1555 1101 Siculi,ant
1564 1041 1668 1106 denique

81 1113 221 1186 Σικελικήν,
233 1111 291 1172 οὐδὲ
302 1109 340 1189 μά
351 1111 392 1171 Δί’
404 1110 535 1183 Ἀττικήν·
547 1101 624 1192 ήγάρ
636 1110 667 1170 διν
679 1111 801 1184 τοιαύτην
811 1116 846 1172 οἶ·
888 1122 1045 1174 Athenienses
1058 1124 1189 1176 incolerent
1201 1141 1207 1173 :
1221 1125 1254 1175 ita
1264 1126 1384 1191 quippe'si
1394 1127 1550 1190 instituisset,
1562 1143 1610 1180 non
1620 1133 1666 1180 llo·

80 1203 150 1271 κίζων
163 1201 247 1272 πολιν,
265 1199 301 1277 μή
317 1199 357 1258 ὅτι
374 1198 494 1278 Ὁμήρου
509 1197 541 1257 δν
555 1199 648 1271 ἐδεήθη
668 1199 764 1278 μάνου,
778 1201 847 1260 ἀλλὰ
889 1215 1057 1261 merotmtnm
1068 1212 1270 1275 opnsbsbntsset,
1280 1214 1668 1270 sedoumbocetllesiodoetor·

80 1289 122 1350 καί
138 1287 201 1371 πρὸς
218 1287 332 1368 Ὁμήρῳ
353 1285 475 1346 Ἡσιόδου
493 1285 538 1345 καί
555 1286 686 1369 Ὀρφέως,
704 1287 749 1346 καί
767 1289 791 1347 εί
809 1313 847 1357 τις
889 1297 986 1360 phenet
997 1299 1017 1349 si
1029 1305 1200 1364 quaproterea
1211 1302 1307 1364 antiqua
1318 1315 1387 1352 musa
1402 1305 1451 1361 est,
1462 1317 1518 1366 qne
1531 1304 1666 1367 juventutis

48 1399 68 1438 ro
80 1378 143 1449 άλλη
164 1375 265 1436 παλαιά
285 1380 370 1452 μοῦσα
385 1373 510 1446 ποιητικὴ
529 1373 686 1455 κατεπάδειν
705 1375 782 1446 ἱκανή
800 1375 848 1444 τάς
889 1385 982 1436 animos
998 1387 1103 1438 suaviter
1119 1388 1222 1438 nmlcere
1239 1403 1269 1439 ec
1284 1389 1397 1451 delinire,
1408 1394 1433 1441 et
1453 1405 1510 1441 cnm
1532 1391 1667 1456 uoluptate,

80 1470 125 1524 τῶν
144 1465 208 1524 νέων
223 1463 310 1545 ψυχάς
323 1463 368 1522 καί
383 1464 560 1542 δημαγωγεῖν,
581 1462 626 1522 καί
647 1465 726 1542 ἡδονῇ
743 1465 847 1535 συνήθει
889 1487 961 1536 quam
971 1474 1204 1537 qnaemntJurenes,
1214 1477 1317 1527 molliter
1326 1477 1425 1528 miscere
1434 1479 1561 1529 veritatem
1573 1485 1667 1542 posset:

81 1553 244 1637 ἀνακιρνάναι
260 1552 351 1634 πράως
370 1553 475 1622 ἀληθεῖς
492 1551 594 1630 λόγους·
611 1552 669 1610 ἀλλ’
689 1551 758 1610 ἔστιν
776 1555 847 1636 αὐτῷ
889 1560 946 1623 sed,
956 1567 983 1611 ut
992 1561 1055 1625 dixi,
1072 1565 1211 1627 exemplum
1225 1569 1318 1615 tentum
1336 1566 1454 1628 civitatiS,
1465 1567 1603 1630 exemplum
1614 1571 1668 1618 iau·

78 1641 214 1714 ξυνοίκησις
233 1641 278 1700 καί
298 1644 316 1712 ἡ
334 1639 454 1698 πολιτεία
472 1637 611 1718 γιγνομένη
630 1639 713 1720 λόγῳ,
731 1639 800 1700 κατδι
818 1639 847 1699 τὸ
890 1651 943 1699 tum
961 1664 1041 1700 rerum
1059 1650 1111 1713 ejus
1129 1651 1280 1715 publicarum
1298 1653 1415 1716 ostendit;
1433 1654 1509 1716 magis
1529 1659 1668 1705 accuratum

78 1729 256 1810 ἀκριύίστατον
276 1729 376 1806 μᾶλλον
395 1725 646 1808 ἢχρειωδέστατον·
662 1727 740 1807 ὅνπερ
752 1727 846 1806 τρόπον
889 1751 962 1799 qnam
978 1738 1034 1788 usui
1050 1739 1266 1790 accommodatum.
1299 1741 1367 1790 ldem
1385 1741 1450 1804 quud
1468 1743 1578 1792 statuarii
1593 1743 1669 1793 nostri

47 1843 65 1877 u
78 1818 119 1876 xci
137 1819 188 1885 τοῖς
199 1815 235 1876 τδι
257 1816 399 1896 ἀγάλματα
413 1815 511 1883 τούτοις
526 1815 737 1888 διαπλάττουσιν,
753 1814 779 1875 οἳ
793 1826 846 1874 πᾶν
889 1824 1042 1888 iaciunt,qni
1051 1839 1125 1890 quum
1135 1839 1150 1876 e
1159 1826 1258 1890 singulis
1267 1828 1421 1892 corporibus,
1432 1829 1519 1891 quasin
1529 1829 1559 1880 iis
1569 1830 1669 1894 pulchre

77 1907 171 1988 τδπαρ’
183 1904 295 1965 ἑκάστου
307 1904 387 1964 καλὸν
400 1903 600 1982 συναγαγόντες,
611 1902 679 1961 κατὰ
692 1901 739 1975 τήν
750 1901 846 1983 τέχνην
889 1917 958 1974 sont,
974 1917 1060 1976 cogant
1070 1919 1095 1964 et
1110 1928 1140 1964 ex
1152 1917 1202 1965 tam
1218 1915 1318 1966 dirersis
1332 1916 1356 1966 in
1375 1930 1448 1966 unam
1466 1917 1593 1980 imaginem
1610 1919 1669 1969 artis

77 1998 103 2054 ἐκ
120 1991 248 2076 διαφόρων
263 1992 393 2070 σωμάτων
414 1991 580 2074 ἀθροίσαντες
598 1995 634 2058 εἰς
647 1990 758 2069 μίμησιν
774 1991 845 2068 μίαν,
889 1999 1074 2064 legecolligant‚
1087 2015 1159 2052 unam
1175 2001 1392 2064 pulchritudinem,
1403 2017 1499 2066 sanam,
1513 2005 1667 2066 condensus,

76 2083 162 2150 κάλλος
176 2080 202 2140 ἓν
217 2081 286 2158 ύγιὲς
298 2079 343 2139 καί
359 2079 446 2162 άρτιον
462 2079 507 2138 καλ
518 2081 682 2160 ἡρμοσμένον
697 2077 761 2138 αὐτὸ
776 2083 846 2160 αύτῷ
888 2088 1667 2155 partibusundiqueconspirantibusetcougruisexprimunt:nam

76 2170 265 2250 ἐξειργάσαντο·
285 2166 331 2227 καί
353 2169 402 2226 οὐκ
419 2167 451 2226 δν
470 2160 540 2247 εύρες
556 2171 634 2243 σῶμα
654 2166 760 2246 θικριύὲς
777 2167 846 2225 κατδι
888 2176 1001 2225 inrernm
1011 2176 1370 2241 natuminrenlrenonpoteras
1379 2171 1667 2244 corpusedeoexacturn,

44 2277 65 2314 υυ
78 2259 193 2329 ἀληθειαν
206 2255 343 2334 ἀγάλματι
354 2253 451 2333 ὅμοιον.
466 2253 620 2335 Ὀρέγονται
635 2251 682 2330 μέν
695 2253 746 2334 γάρ
761 2259 788 2314 αί
804 2254 846 2313 τί·
888 2269 916 2314 ut
924 2263 1020 2326 imagini
1027 2264 1222 2328 equipararetur.
1239 2270 1308 2316 Artes
1317 2267 1405 2329 quippe
1416 2266 1526 2317 obsolute
1540 2269 1666 2332 pnlclrrunr

75 2368 130 2426 χναι
140 2351 185 2404 τοῦ
196 2341 356 2420 καλλίστου,
371 2345 398 2401 αἱ
412 2341 439 2401 δέ
452 2344 478 2401 ἐν
493 2341 569 2401 ποσίν
582 2339 683 2419 ὁμιλίαι
699 2341 745 2400 καί
759 2343 846 2454 χρεῖαι
887 2357 1008 2414 querunt,
1015 2367 1090 2416 quum
1096 2353 1250 2416 quotidianus
1259 2367 1319 2404 usus
1326 2354 1395 2418 longe
1402 2355 1482 2404 minus
1490 2360 1616 2406 accuratus
1623 2357 1662 2407 sit.

76 2432 256 2493 ἀπολείπονται
267 2435 318 2489 τῶν
333 2434 443 2509 τεχνῶν.
461 2420 546 2506 Οἶμαι
564 2426 605 2501 δὲ,
621 2431 644 2486 εί
657 2427 704 2486 καί
719 2452 758 2496 τις
771 2427 802 2500 ην
818 2433 845 2488 ἐν
888 2440 978 2498 Quodsi
988 2440 1044 2504 quis
1055 2441 1102 2490 hoc
1113 2440 1254 2492 consederet
1265 2442 1418 2504 bominibus,
1430 2445 1458 2492 ut
1473 2443 1606 2496 humanum
1614 2459 1667 2496 cor·

77 2521 211 2602 ἀνθρώποις
226 2517 335 2596 δύναμις
347 2517 478 2589 πλαστικὴ
489 2517 618 2594 στομάτοιν
634 2515 772 2597 σαφκίνων,
782 2517 844 2596 ξυμ·
888 2541 934 2591 pus
943 2528 1056 2579 [abdcere
1070 2534 1181 2592 possent;
1194 2528 1295 2580 dubium
1313 2543 1360 2580 nou
1373 2533 1423 2591 est,
1435 2535 1461 2580 ut
1477 2531 1589 2594 equidem
1604 2531 1667 2583 erbi-

76 2609 227 2691 φορήσαντες
247 2606 278 2665 δν
294 2609 318 2664 οἱ
334 2605 487 2688 δημιουργοί
499 2603 546 2672 τδις
558 2603 680 2684 δυνάμεις
695 2605 846 2688 ξυμμέτρους
887 2618 947 2678 tror,
959 2617 1016 2682 quin
1028 2620 1099 2668 terre
1114 2617 1222 2681 ignisque
1235 2619 1376 2682 qualitates,
1388 2631 1444 2668 oum
1462 2619 1531 2681 aliis,
1545 2634 1600 2684 quse
1612 2625 1668 2685 apte

43 2712 63 2748 li
75 2703 117 2774 γῆς
134 2696 179 2756 καί
198 2695 295 2776 πυρδς,
315 2695 361 2753 καί
379 2698 432 2754 τῶν
451 2693 500 2753 ὅσα
516 2693 617 2760 τούτοις
635 2693 799 2776 ἁρμοσθέντα
817 2719 845 2754 τε
887 2705 1022 2768 conjunctae
1036 2707 1099 2756 inter
1110 2719 1136 2756 se
1149 2710 1174 2758 et
1186 2711 1323 2770 temperatae
1333 2707 1466 2757 humanum
1479 2721 1567 2772 corpus
1580 2708 1667 2760 consti·

75 2786 114 2843 καί
137 2783 339 2863 ὁμολογήσαντα
364 2781 498 2854 συνίστησι
523 2779 570 2852 τήν
597 2782 728 2860 σωμάτων
756 2783 847 2864 φύσιν,
887 2797 972 2854 inunt,
991 2795 1025 2844 ita
1042 2795 1151 2844 absolute
1168 2796 1296 2846 mimment
1314 2795 1370 2846 nori
1388 2795 1423 2845 ilii
1442 2797 1557 2858 artitires,
1577 2798 1605 2846 ut
1624 2810 1666 2848 nrt

75 2874 202 2957 ἀπέφηναν
218 2872 263 2946 διν,
278 2871 312 2938 ὥς
326 2895 355 2950 γε
370 2871 450 2942 εἷκδς,
462 2873 541 2948 σῶμα
559 2868 631 2938 ἀδεὲς
645 2870 785 2951 φαρμάκου
800 2872 845 2931 καί
887 2880 998 2930 remediis
1009 2881 1076 2940 ullis,
1087 2893 1131 2930 nec
1142 2881 1278 2944 ieuoclnlls,
1288 2895 1333 2932 που
1340 2883 1559 2946 proscriptionibus
1568 2883 1665 2935 medicis

75 2959 297 3042 μαγγανευμάτιον
310 2959 356 3018 καί
369 2958 549 3035 διαιτημάτων
562 2959 696 3038 ἰατρικῶν.
711 2961 743 3018 Ei
755 2951 799 3018 ούν
807 2985 846 3028 τις
887 2969 989 3018 invicto
1003 2968 1049 3018 iliis
1065 2974 1211 3039 opuqesset.
1243 2971 1328 3021 Jsmsi
1341 2970 1429 3034 aliquis
1443 2985 1474 3020 ex
1486 2971 1525 3020 lris
1535 2970 1667 3020 artificibus

74 3049 170 3108 ἐκείνων
185 3049 254 3116 τινὸς
272 3051 323 3106 τῶν
340 3048 506 3129 δημιουργῶν
521 3045 636 3112 οἰκούσας
649 3050 845 3123 νομοθετοῦντος
887 3071 962 3106 rmum
985 3057 1090 3118 audiret,
1112 3057 1153 3120 qul
1172 3057 1237 3121 leges
1261 3058 1425 3121 praescriberet
1445 3058 1582 3108 bominibus
1605 3071 1666 3121 qnos

41 3163 61 3199 ιιι
75 3148 122 3204 τοῖς
131 3137 173 3196 ὑπ’
190 3139 272 3197 αὐτοῦ
285 3137 425 3194 πλασθεῖσι
435 3139 474 3216 τῷ
487 3132 571 3214 λόγῳ·
584 3131 623 3190 ὅτι
637 3132 688 3214 ἄρα
709 3135 845 3204 δεήσονται
888 3145 971 3194 iecisse
987 3159 1042 3194 enm
1059 3144 1182 3208 tingimus,
1200 3147 1225 3197 et
1240 3144 1303 3196 inter
1319 3147 1399 3195 cetera
1413 3145 1460 3195 hoc
1475 3159 1572 3209 quoque
1587 3145 1666 3196 :nibli

73 3226 125 3286 οὐδὲ
137 3223 326 3306 Ἱπποκράτους
341 3221 451 3300 ίωμένου
463 3235 544 3304 σφας,
555 3219 624 3280 ἀλλὰ
637 3221 689 3302 χρὴ
700 3222 845 3304 στέψαντας
887 3233 934 3283 illis
945 3247 975 3283 na
986 3233 1137 3296 llippocratis
1146 3232 1242 3296 quidem
1255 3232 1374 3283 medicina
1389 3247 1451 3296 opus
1464 3232 1526 3293 iore,
1538 3245 1613 3296 quere
1622 3232 1666 3282 ho·

74 3315 128 3396 ίρίῳ
137 3314 181 3373 τὸν
197 3313 281 3393 ἄνδρα
297 3311 343 3370 καλ
356 3310 498 3393 χρίσαντας
513 3308 587 3390 μύρῳ
600 3309 765 3387 ἀποπέμπειν
780 3317 844 3394 παρ’
887 3321 975 3370 minem
987 3321 1042 3370 lona
1057 3325 1197 3370 coronatum
1208 3321 1287 3384 (quod
1303 3319 1334 3370 de
1343 3323 1448 3371 ilomero
1460 3320 1528 3370 Plato
1539 3319 1613 3383 dicit)
1622 3333 1666 3370 un·

73 3403 172 3473 ἄλλους,
187 3399 393 3478 εὐδοκιμήσαντα
407 3401 462 3458 ἐκεῖ
473 3396 536 3457 ὅπου
548 3396 596 3470 τήν
608 3399 704 3478 τέχνην
718 3422 844 3480 παρακα-
885 3413 1022 3471 girentoqoe
1037 3409 1185 3470 delibutum,
1195 3407 1227 3458 ad
1242 3408 1302 3459 alios
1314 3409 1451 3470 mittereut;
1461 3407 1495 3458 ibl
1511 3407 1575 3458 enim
1585 3407 1665 3458 locum

72 3492 108 3549 λεῖ
119 3496 136 3563 ή
148 3490 235 3558 νόσος·
250 3481 319 3570 κᾷτα
340 3486 499 3566 ἀγανακτοίη
513 3485 578 3566 πρὸς
595 3487 682 3558 αὐτὸν,
697 3490 732 3554 ῶς
746 3487 843 3564 αἰτιμά-
886 3502 911 3548 et
923 3499 1036 3547 honorem
1049 3497 1184 3547 habiturum
1203 3497 1269 3547 illius
1278 3501 1368 3558 artem,
1379 3496 1421 3547 ubi
1435 3495 1630 3547 rocetmorbns:
1643 3496 1663 3545 si

39 3598 59 3633 m
72 3581 142 3646 ζοντα
155 3577 202 3651 τήν
218 3577 376 3648 Ἀσκληπιοῦ
395 3576 499 3648 καλιήν
514 3574 712 3643 Ἀσκληπιαδῶν
734 3573 843 3655 τέχνην·
887 3585 952 3645 haec,
963 3584 1138 3645 dico,sudiret
1153 3585 1253 3648 aliquis,
1266 3599 1309 3636 nec
1325 3598 1396 3648 atquo
1413 3585 1486 3635 terret
1495 3585 1588 3645 animo,
1600 3582 1665 3647 quod

72 3658 119 3746 ἷιφα
139 3670 167 3726 ού
181 3665 377 3745 καταγέλαστος
398 3663 429 3723 ἂν
443 3663 569 3744 γίγνοιτο,
584 3661 670 3722 αἰτίαν
689 3664 842 3746 προσφέρων
886 3674 1025 3736 AEscnlspii,
1036 3673 1099 3736 qnod
1110 3673 1302 3736 Asclepiadarurn
1313 3676 1388 3723 artem
1398 3675 1575 3733 conternneret3
1586 3685 1665 3722 noune

71 3759 105 3836 τῷ
122 3754 158 3833 μὴ
180 3753 252 3814 κατὰ
273 3753 382 3833 ἀτιμίαν
403 3750 607 3834 παραιτουμένῳ
628 3750 755 3831 ἰατρικὴν,
775 3752 843 3811 ἀλλὰ
886 3762 973 3824 oppido
981 3760 1079 3811 ridicule
1088 3774 1144 3811 enm
1153 3773 1265 3810 accusare
1274 3759 1404 3821 videretur,
1414 3759 1456 3824 qul
1465 3758 1664 3810 ertemmedlcam

72 3843 133 3918 μήτε
147 3841 217 3901 κατὰ
234 3841 326 3924 χρείαν
346 3841 460 3923 δεομένῳ
479 3842 572 3913 αὐτῆς,
591 3839 659 3917 μήτε
677 3839 734 3898 καθ’
748 3840 843 3912 ήδονὴν
885 3849 1007 3913 rejiceret,
1024 3861 1071 3898 non
1083 3861 1155 3912 quam
1172 3849 1349 3908 contemneret,
1367 3846 1411 3897 sed
1430 3859 1502 3908 quum
1515 3857 1592 3908 neque
1610 3847 1664 3896 usui

72 3930 255 4011 άσπαζομίνῳς
885 3935 1356 4000 sibinccroluptaiiessepossesciret?

38 4047 59 4083 ιο
106 4039 127 4079 t.
148 4019 204 4078 Δύο
226 4017 277 4098 γάρ
297 4016 377 4076 ὄντων
401 4015 510 4089 τούτων,
532 4017 574 4097 ὑφ’
596 4007 632 4074 ῶν
654 4013 776 4096 Ὅμηρος
798 4015 843 4074 καί
916 4029 940 4076 t.
957 4031 1037 4086 Quum
1054 4025 1117 4075 enlm
1133 4025 1182 4075 sint
1194 4023 1256 4085 duo,
1270 4037 1285 4073 a
1300 4023 1389 4086 quibus
1404 4019 1664 4072 llomerusllesiodus·

71 4104 188 4173 Ἡσίοδος
201 4104 248 4164 καλ
262 4103 332 4171 ὅστις
344 4103 421 4171 άλλος
436 4106 462 4162 ἐν
477 4101 590 4184 ἁρμονίᾳ
603 4106 726 4181 ποιητικῇ
741 4101 842 4160 εύδόκι-
885 4128 932 4178 que
942 4117 967 4164 et
978 4114 998 4164 si
1011 4113 1054 4177 qui
1068 4112 1108 4161 elii
1122 4112 1241 4175 apoetica
1252 4111 1365 4161 celebmri
1379 4109 1458 4160 solent
1469 4109 1605 4169 inarmonia,
1616 4109 1661 4158 uti·

71 4214 111 4267 μοι
129 4184 208 4265 ήσαν,
226 4190 316 4272 χρείας
333 4189 378 4250 καί
401 4193 509 4263 ἡδονῆς,
527 4189 585 4248 κατ’
606 4190 738 4268 οὐδέτερον
756 4191 842 4249 αὐτοῖν
884 4201 939 4250 litas
949 4199 1062 4250 nimirum
1074 4203 1098 4248 et
1114 4198 1239 4262 voluptas;
1250 4202 1335 4246 neutro
1350 4197 1436 4246 horum
1445 4195 1477 4244 ed
1488 4193 1660 4257 rempublicam

70 4281 200 4352 ἐπιτήδεια
214 4277 247 4338 τδι
270 4278 319 4350 ἔπη
340 4283 373 4358 τῇ
396 4278 539 4344 Πλάτωνος
552 4275 685 4357 πολιτείᾳ,
702 4275 760 4334 ούτε
775 4278 843 4335 κατὰ
886 4288 991 4338 Platonis
1002 4287 1108 4336 coniene
1118 4298 1202 4335 eornm
1221 4283 1350 4347 quicquam
1369 4285 1471 4346 possunt
1488 4280 1607 4342 mrmina,
1620 4294 1665 4330 nec

69 4365 112 4438 τήν
127 4366 229 4447 χρείαν,
243 4365 302 4425 οὔτε
322 4363 391 4424 κατὰ
410 4365 458 4436 τήν
479 4363 583 4436 ήδονήν.
595 4361 634 4424 Ἥ
651 4387 679 4421 τε
697 4362 748 4444 γάρ
766 4364 843 4446 χρεία
885 4373 1079 4435 utilitate‚dico,
1096 4387 1141 4424 nec
1156 4373 1289 4436 uoluptate.
1307 4373 1368 4421 Nom
1380 4368 1507 4420 utilitatem
1525 4367 1663 4429 depectus,

37 4475 57 4512 ⁴5
70 4450 237 4524 Ευνῑλήλαταῑ
254 4455 340 4519 αὖτοῖς
354 4453 388 4520 εἷς
402 4452 499 4534 τροφὴν
511 4450 608 4531 ἀκριύῆ
625 4451 670 4510 καὶ
687 4450 844 4528 ἀκούσματα
885 4467 936 4515 tota
950 4478 979 4514 ea
995 4465 1019 4513 ln
1035 4461 1175 4513 educatione
1192 4464 1305 4510 accurata
1323 4462 1348 4507 et
1366 4455 1503 4506 salubribus
1522 4453 1555 4504 ibi
1566 4451 1663 4503 monitis

70 4541 211 4620 ἀναγκαῖα,
232 4541 305 4599 οὐδὲν
327 4539 487 4621 αὐθαίρετον,
509 4537 568 4598 οὐδὲ
588 4537 762 4616 αὐτεξούσιον,
785 4537 843 4598 οὐδὲ
885 4543 1100 4606 musisti13qusre
1121 4552 1199 4601 neque
1216 4537 1290 4586 uliam
1311 4534 1406 4585 dioendi
1424 4530 1583 4594 audiendique
1608 4543 1664 4592 qum

69 4619 117 4687 οἷον
140 4628 171 4687 ἂν
193 4627 308 4696 δέξαιντο
330 4625 404 4709 παρὰ
427 4626 547 4706 μητέρων
570 4629 662 4694 παῖδες
682 4625 732 4685 ὑπὸ
755 4627 844 4708 φήμης
885 4621 946 4670 velis
962 4619 1096 4706 libertatern
1111 4619 1154 4667 sut
1169 4614 1289 4706 licentiam
1307 4612 1425 4702 admittit3
1439 4623 1484 4660 nec
1499 4609 1572 4660 ullam
1583 4607 1617 4698 ibi
1630 4608 1662 4656 ia·

70 4716 160 4795 ἀλόγου
174 4716 324 4776 πλασθέντα
340 4722 428 4793 μηηο,Ι
440 4717 524 4778 Οὐδὲ,
536 4713 587 4796 γὰρ
600 4717 672 4794 ,γκῇγ
684 4713 743 4774 οὐδὲ
756 4719 786 4775 ἐκ
796 4721 842 4773 τοῦ
885 4698 966 4748 bolam
976 4711 1005 4746 ex
1019 4695 1135 4745 matribus
1143 4707 1193 4744 sure
1204 4704 1270 4754 puerr
1283 4691 1410 4748 bannum,
1421 4700 1494 4750 quarn
1505 4687 1564 4749 ipsae
1574 4698 1663 4748 prmsn

69 4825 116 4861 Μ
191 4805 197 4824 ι
308 4802 320 4827 ν
376 4803 393 4862 ἄ
553 4801 565 4826 ν
656 4801 690 4861 ιδ,
802 4799 813 4824 ι
885 4788 980 4824 rnrnore
1000 4786 1063 4822 sarm
1087 4772 1227 4821 hauserunt.
1266 4767 1365 4818 Nullum
1384 4765 1449 4816 enim
1469 4763 1574 4823 dictum,
1598 4761 1663 4811 nulls

89 4827 271 4885 mxomq'
292 4827 350 4862 ⁰⁰³⁸
394 4827 514 4882 'mum’
536 4825 595 4862 ⁰⁰³⁵
613 4826 662 4862 w
680 4825 761 4878 ’Μ’
784 4824 844 4860 ουτε
885 4851 1022 4914 disciplina,
1045 4849 1111 4898 nolis
1127 4846 1253 4897 delectatio
1270 4850 1357 4895 temere
1370 4847 1395 4892 et
1414 4843 1467 4892 sine
1484 4843 1551 4891 certa
1570 4839 1661 4888 rationo

36 4910 57 4946 Μ)
70 4891 170 4996 &RQ
183 4891 308 4973 παρέλθοι
322 4891 353 4950 ἂν
368 4894 403 4958 Εἷς
413 4889 535 4963 τοιαύτην
547 4887 633 4962 'mm'
648 4886 715 4947 ὥστε
730 4887 775 4946 καί
787 4890 844 4960 &w
884 4943 937 4980 eam
956 4929 1030 4978 intrat
1045 4925 1232 4990 rempublicam
1251 4937 1281 4972 ne
1299 4935 1355 4984 ergo
1377 4919 1409 4970 ibi
1426 4922 1557 4969 iinmemm
1573 4917 1661 4978 requiri

70 4980 142 5049 nm*
163 4979 296 5058 Ὁμήρουι
314 4979 361 5047 τὰς
378 4979 457 5046 οὔσας
476 4977 536 5058 περί
556 4982 620 5037 θεῶν
636 4976 709 5045 δόξας
723 4979 843 5054 ἐμμελῶς
884 5005 1020 5072 putes,qui
1032 5006 1159 5067 conceptas
1170 5001 1201 5052 de
1212 5000 1258 5051 diis
1269 5000 1393 5062 opiniones
1401 5010 1458 5047 cum
1467 4993 1571 5059 quadem
1579 5003 1659 5042 numo·

71 5065 267 5144 μῑῖαλῦνθθτῠςν
280 5065 325 5126 καί
345 5067 482 5148 ‘timim
495 5064 541 5133 τὰς
560 5069 612 5123 τῶν
632 5065 736 5124 πολλῶν
757 5065 843 5144 tupi<
884 5099 966 5136 rorum
982 5085 1098 5146 elegantia
1108 5083 1133 5132 in
1149 5082 1227 5143 maius
1242 5079 1316 5140 tollit,
1328 5077 1479 5138 humilesque
1499 5075 1524 5123 et
1542 5070 1659 5121 demissas

71 5153 99 5209 ἐκ
120 5159 243 5226 ταπεινῆς
257 5153 401 5236 φαντασίας
421 5157 457 5221 ei<
479 5151 611 5224 ἔκπληξιν·
631 5155 716 5212 Τοῦτο
737 5151 788 5231 γάρ
802 5173 843 5211 τοι
883 5168 949 5229 uulgi
960 5166 1114 5230 cogitationes
1127 5163 1158 5213 ad
1173 5173 1293 5212 summam
1303 5158 1484 5208 admimtionem
1496 5153 1568 5217 rapit.
1604 5153 1661 5202 Huc

71 5237 174 5299 δύναται
195 5247 305 5314 ποιητοῦ
321 5241 396 5319 λύγος
410 5240 530 5320 ἐμπεσὼν
550 5243 638 5307 αἰκοαῖς
653 5239 844 5322 τεθραμμένοις
884 5245 947 5296 enim
958 5242 1052 5309 propris
1061 5240 1150 5306 poetici
1157 5241 1273 5291 sermonis
1283 5237 1413 5295 visest‚ut
1424 5231 1486 5282 male
1497 5229 1661 5280 institutorum
