3732 5778
113 495 154 550 μοι
166 483 264 559 -οοι.)
660 483 699 546 ΙΝ
719 483 913 551 Buculeio.
935 492 1014 554 CAP.
1037 495 1144 559 XXXI.
1502 509 1550 585 (uus
1562 546 1593 559 -
1605 511 1662 590 eas.)
1678 521 1716 580 97

111 615 146 673 ἀεὶ
158 613 281 680 ὡσαύτως
299 610 369 692 ἔχειν
391 611 510 682 ἑκάστοις
522 612 568 673 καλ
586 613 623 694 μὴ
644 614 819 694 μεταῦάλλειν
833 643 887 678 πα·
928 630 953 681 id
964 632 1028 684 sistit
1040 636 1115 697 magis
1129 637 1153 686 et
1164 638 1338 702 compingit,et
1348 641 1447 704 singulis
1457 644 1529 696 rebus
1538 647 1562 696 id
1574 649 1713 712 conlert,ut

111 703 215 784 ρέγεται.
257 701 372 780 Ἀνάγκη
388 692 432 760 οὐν
455 701 485 760 τδ
504 703 672 777 αὐτοκίνητον
688 695 753 764 εἶναι
770 706 886 790 τὸπρώ-
927 719 1045 772 ineodem
1055 726 1118 772 stetu
1127 729 1518 789 permaneant‚necimmutentur.
1527 736 1629 786 Necesse
1639 737 1713 800 igitm

107 816 153 857 τως
165 796 249 849 κινοῦν
269 789 304 848 τδι
325 788 501 871 έτεροκένητα.
544 795 638 852 Ταῦτα
650 791 679 850 δέ
698 795 753 852 έστι
766 793 800 853 τὰ
816 794 886 874 γινό-
926 810 975 870 est,
991 821 1033 872 per
1045 823 1070 860 se
1082 812 1171 862 mobile
1185 812 1209 862 id
1227 829 1292 878 esse,
1309 819 1373 881 quod
1392 820 1496 882 primum
1512 824 1596 873 movet
1611 837 1640 874 es
1654 839 1711 889 qaum

107 904 180 958 μενα,
200 879 245 938 καὶ
259 877 431 960 φθειρόμενα,
450 879 495 938 καλ
511 879 653 956 αὐξόμενα,
667 881 713 940 καλ
730 882 886 961 μειούμενα,
926 897 1023 947 aliunde
1034 900 1134 950 cientur.
1165 905 1200 952 Es
1209 917 1266 954 vero
1277 907 1348 968 sunt,
1360 921 1415 970 quse
1427 909 1537 959 oriuntur
1548 913 1573 961 st
1584 912 1709 975 occidunt,

83 969 146 1032 ικαὶ
169 968 238 1027 κατὰ
258 967 387 1038 ποιότητα
411 967 627 1044 μεταύάλλοντα,
657 968 702 1027 καλ
729 969 781 1028 ἀπὸ
800 969 887 1030 τόπων
926 996 982 1045 quae
999 987 1148 1046 augenturet
1164 989 1314 1053 minuuntur,
1330 1007 1386 1056 qum
1401 1001 1525 1048 mutantur
1541 999 1712 1062 qualitatibus,

104 1061 135 1125 ῑῖτ
157 1055 252 1124 τόπους
279 1054 478 1134 μεττὸοἷτοττο·
527 1055 598 1116 Οὗττ
623 1057 674 1136 γὰρ
696 1057 727 1116 τύ
753 1054 886 1137 γινόμενον
927 1073 1433 1133 quaeexoliislocisinalialocatranseunt.
1451 1087 1711 1152 Nequeeuimidquod

104 1149 140 1227 ὐφ’
155 1149 250 1204 ἑαυτοῦ
264 1144 382 1224 γίνεσθαι
394 1143 511 1204 δυνατόν·
527 1145 620 1223 έμελλε
634 1145 685 1225 γάρ
700 1136 765 1204 εἶναι
778 1146 830 1226 πρὸ
842 1151 886 1205 τοῦ
927 1159 1013 1221 oritur,
1026 1160 1082 1210 oriri
1102 1176 1152 1214 ese
1165 1165 1219 1226 ipso
1235 1167 1315 1228 potest
1332 1181 1338 1217 :
1358 1169 1406 1230 (sic
1421 1171 1485 1221 euim
1494 1175 1571 1235 esset,
1582 1179 1711 1240 antequam

102 1236 227 1314 γενέσθαι·
274 1232 334 1292 οὔτε
363 1235 394 1293 τὸ
420 1233 561 1311 αὐξόμενον
590 1233 632 1316 ὑφ’
650 1238 743 1292 ἑαυτοῦ
771 1233 886 1302 αὔξεται·
927 1248 1145 1313 esset:)nequeid
1160 1252 1224 1314 quod
1240 1254 1357 1316 augescit,
1372 1258 1603 1325 aseipsoaugetur,
1617 1265 1659 1312 sod
1674 1277 1711 1313 ηρ.

102 1322 234 1405 προσθήκη
260 1322 312 1401 γὰρ
337 1321 442 1390 αὔξεται
463 1322 493 1380 τὸ
516 1321 664 1400 αὐξόμενον·
706 1321 766 1381 οὐτε
789 1323 819 1382 τὸ
838 1324 887 1381 ἀλ·
927 1337 1034 1385 cessione
1050 1337 1220 1400 eliqusiecta:
1237 1355 1315 1406 neque
1331 1345 1395 1407 quod
1409 1345 1435 1395 tit
1451 1347 1529 1411 uliud,
1548 1363 1600 1400 ase
1616 1351 1669 1414 ipso
1685 1353 1712 1402 tit

71 1427 91 1464 ιιι
102 1411 250 1489 λοιούμενον
275 1410 317 1489 ὑφ’
340 1414 432 1469 ἑαυτοῦ
449 1412 609 1469 ἀλλοιοῦται·
632 1409 682 1468 ὑπὸ
701 1410 819 1477 ἐναντίας
836 1411 887 1491 γὰρ
927 1423 1056 1486 aliud,sed
1064 1427 1253 1490 perquaiitetem
1261 1433 1413 1496 contrariam,
1423 1435 1646 1498 quaeeiinducitur.
1667 1443 1711 1491 lte·

102 1499 235 1571 ποιότητος
260 1500 411 1557 ἀλλοιοῦται
430 1498 460 1556 τδ
483 1495 678 1576 ἀλλοιούμενον.
727 1497 807 1558 Ἀλλθι
828 1497 887 1557 οὐτε
928 1514 1570 1588 que,quudadlocumatiinet‚eseipsoquidquum
1582 1529 1710 1590 movetur;

101 1589 165 1648 sord
178 1587 259 1646 τόπον
275 1587 318 1666 op’
334 1591 426 1646 ἑαυτοῦ
442 1585 611 1664 μεταάάλλει·
629 1584 742 1664 σώματα
756 1585 808 1667 γθρ
825 1586 887 1645 ὄντα
927 1602 1092 1665 omnieeuim,
1104 1619 1159 1668 quse
1169 1605 1305 1669 bocgenere
1316 1611 1647 1677 motusmoreutur,corpora
1659 1627 1712 1667 esse

101 1675 184 1734 πάντα
210 1674 244 1734 τὰ
266 1674 335 1733 κατὰ
357 1673 454 1741 ταύτας
474 1674 612 1752 κινούμενα
634 1673 680 1742 τὰς
704 1675 818 1747 τινόοττς
835 1676 888 1734 δει-
927 1687 1146 1756 demonstrabitur,
1164 1707 1219 1756 ques
1240 1710 1288 1745 ιιοιι
1308 1699 1410 1760 possunt
1429 1713 1482 1750 esse
1499 1714 1542 1764 per
1561 1715 1587 1751 se
1608 1704 1710 1754 mobilia

100 1763 238 1844 χθῆοῑῖοῑι
252 1761 290 1840 μὴ
303 1760 433 1840 δυνάμενα
446 1751 685 1832 EXld‘l‘l’lwtdlr'll'l·
727 1761 786 1844 Χρύ
797 1753 841 1821 οὖν
854 1762 888 1821 τύ
927 1779 1029 1840 Oportet
1044 1779 1124 1842 igitur,
1135 1784 1258 1845 proximas
1268 1783 1310 1846 iis,
1323 1800 1378 1849 quse
1387 1787 1498 1837 oriuntur
1513 1792 1537 1839 el
1552 1789 1648 1842 aliunde
1659 1805 1712 1842 mo-

69 1867 89 1906 lt
100 1857 215 1933 προσεχῆ
231 1855 284 1909 τῶν
298 1849 441 1930 γινομένων
454 1849 499 1908 καλ
521 1849 706 1932 έτεροκινήτοιν
733 1849 822 1926 αἴτια,
836 1853 887 1909 αὐ·
927 1867 1394 1934 venturffiaussasperaegssemobpes,
1427 1877 1712 1930 Namgiunivemm„
1765 1911 1766 1916 ,

99 1941 221 2010 τοκένητοι
243 1929 319 1998 εἶναι.
363 1936 418 1999 Καὶ
440 1936 505 2019 γδιρ,
518 1940 541 1996 εἴ
554 1939 613 1996 κατ’
634 1936 749 1996 έπένοιαν
761 1937 839 2009 σταίη
854 1937 888 1996 τδι
927 1953 1013 2016 fingas,
1023 1969 1071 2005 110„
1082 1957 1177 2007 aliunde
1188 1959 1292 2023 incipere
1306 1963 1394 2024 pomp
1405 1965 1506 2026 mobile,
1518 1965 1565 2015 „isi
1580 1979 1648 2031 ,per
1660 1982 1712 2020 w

99 2029 200 2100 πάντα,
215 2025 360 2106 οὐδαμόθεν
376 2026 482 2086 ἄλλοθεν
498 2025 604 2104 ἄρξοττο
628 2025 660 2085 ἂν
674 2025 704 2084 τὸ
727 2027 841 2100 satureo,
863 2029 886 2084 ῑῖ
927 2042 1017 2092 mobili.
1031 2047 1091 2094 Nero
1102 2046 1168 2108 quod
1184 2048 1306 2099 immobile
1324 2052 1375 2109 est,
1387 2050 1472 2102 eodem
1489 2066 1582 2116 semper
1598 2055 1671 2104 modo
1685 2069 1712 2106 ss

100 2117 135 2196 μθ,
147 2119 200 2176 ἀπὸ
217 2121 264 2175 τοῦ
285 2113 465 2186 αὐτοκινήτου.
507 2114 546 2174 Τό
570 2137 599 2172 τε
622 2112 674 2195 γὰρ
700 2113 822 2186 ἀκίνητον
846 2113 886 2172 ἀεὶ
927 2130 1490 2200 babet:etquodaliundcmovetur‚moventis
1505 2142 1711 2205 exspectatsacul.

99 2205 223 2272 ιὶισαύτως
244 2203 316 2283 έχει,
334 2203 379 2262 καλ
396 2203 426 2262 τὸ
440 2203 617 2286 ἑτεροκένητον
632 2201 680 2274 τὴν
695 2208 740 2262 τοῦ
758 2208 886 2267 κινοῦντος
926 2219 1010 2269 tatem,

66 2307 88 2349 ll
98 2287 231 2377 περιμένει
246 2293 366 2370 δύναμιν.

135 2385 184 2444 Δεῖ
197 2381 227 2442 δὲ
244 2381 290 2442 κοιλ
311 2381 397 2450 ἁπλᾶς
412 2379 459 2449 τάς
473 2379 557 2463 ἀρχδις
576 2369 651 2440 εἶναι.
692 2382 717 2440 Τ
719 2377 736 2437 δι
757 2377 809 2460 γδιρ
823 2377 886 2437 σύν-
957 2387 1076 2438 Praetereo
1092 2389 1207 2454 principia
1225 2391 1342 2457 simplicis
1361 2407 1415 2445 esse
1432 2395 1535 2460 oportet.
1571 2397 1712 2462 composita

100 2479 172 2547 θετα,
185 2475 217 2532 ἐκ
237 2475 290 2530 τῶν
309 2470 401 2529 ἁπλῶν
425 2471 582 2542 συνέστηκε·
606 2468 651 2528 κοιλ
675 2476 830 2548 προηγεῖται
853 2471 885 2545 τῇ
926 2475 990 2526 eninr
1002 2490 1016 2527 e
1027 2477 1174 2541 simplicibus
1188 2483 1299 2532 constant
1311 2496 1317 2531 ε
1328 2483 1408 2546 itaque
1426 2485 1456 2534 eb
1472 2485 1524 2549 ipsa
1542 2487 1627 2536 nature
1645 2501 1711 2538 cona·

99 2561 172 2644 ρύσει
186 2559 222 2620 τθι
246 2561 322 2618 ἁπλᾶ
342 2561 395 2617 τῶν
409 2556 547 2617 συνθέτων.
589 2555 701 2635 Ἰδιυμεν
718 2547 778 2628 οὐν,
799 2555 887 2614 κάτοι-
926 2567 1037 2628 paratum
1049 2567 1137 2628 esi,ut
1147 2567 1264 2633 simplicia
1282 2573 1420 2634 compositis
1429 2573 1579 2624 antecedant.
1622 2575 1710 2626 Videa-

99 2657 138 2710 θεν
160 2648 289 2722 ἀνιόντες,
304 2647 349 2706 καὶ
364 2645 416 2708 ἀπὸ
433 2650 486 2706 τῶν
505 2649 643 2728 προσεχῶν
664 2643 822 2726 ἀρχόμενοι,
837 2647 886 2716 ζη-
927 2667 982 2704 mus
994 2655 1165 2718 igiturinlerne
1176 2657 1358 2719 adscendentis,
1372 2659 1397 2708 et
1415 2660 1555 2723 eproximis
1566 2661 1713 2725 auspicando

65 2756 86 2796 as
98 2743 194 2818 τῶρεν,
205 2741 229 2797 εἰ
240 2735 348 2796 δυνατὸν
358 2737 392 2795 τθ
402 2734 513 2814 σώματα
525 2737 551 2794 ἐν
566 2737 649 2814 ἀρχῆς
662 2732 732 2814 λόγῳ
742 2734 887 2812 παραλαμ-
927 2757 1073 2806 queramus,
1085 2747 1166 2795 utrum
1178 2760 1278 2810 corpora
1289 2747 1317 2797 ut
1326 2747 1441 2810 principia
1454 2748 1518 2798 sumi
1533 2749 1635 2812 possint,
1649 2750 1674 2800 ot
1683 2751 1712 2799 ut

98 2827 237 2902 όάνεσθοιι,
261 2826 307 2886 κοιλ
330 2815 395 2884 εἶναι
422 2829 546 2894 τοιαῦτα,
576 2819 631 2888 οἵοις
658 2818 704 2887 τθις
730 2817 813 2901 ἀρχδις
840 2818 886 2888 τάς
927 2830 1089 2896 telia,qualia
1099 2835 1175 2896 prima
1186 2835 1302 2898 principie
1319 2848 1373 2886 esse
1391 2837 1500 2899 openiens
1520 2839 1662 2900 statuimus;
1682 2851 1713 2887 en

97 2915 205 2998 πρώτας
222 2920 235 2974 θ
257 2913 333 2994 λόγος
346 2911 464 2972 ὑπέθετο·
487 2908 504 2982 ἢ
527 2907 586 2970 οὐτε
610 2908 806 2982 οιύθυπόστοιτα,
827 2906 886 2967 οὐτε
929 2933 986 2969 vero
997 2934 1039 2984 per
1051 2935 1104 2972 sese
1115 2935 1193 2986 neque
1202 2923 1346 2984 subsistere,
1361 2937 1439 2986 neque
1454 2925 1545 2975 moveri
1556 2925 1650 2989 possint
1663 2938 1713 2976 mo·

99 3005 258 3077 αὐτοκένητοι
278 2995 346 3062 εἶναι
363 3003 470 3062 δύνοιτοιι
484 3005 568 3059 ταῦτα
589 2994 623 3057 cd
637 2995 776 3077 κινούμενα
793 2994 887 3076 σάιμοι-
927 3008 1042 3059 biliaiste
1052 3024 1160 3075 corpore.
1193 3010 1264 3070 Quod
1278 3011 1342 3062 euim
1358 3025 1400 3075 per
1414 3012 1538 3062 semobile
1552 3015 1676 3075 statuitur,
1687 3013 1713 3062 id

98 3118 140 3156 τοι.
182 3093 224 3155 Τὸ
237 3091 288 3176 γάρ
301 3091 477 3166 αὐτοκίνητον,
500 3085 517 3160 ἢ
538 3085 612 3170 μέρει
632 3085 680 3165 μέν
695 3089 794 3160 κινοῦν,
812 3083 886 3167 μέρει
927 3099 1107 3149 autoodicilur
1118 3113 1160 3164 per
1171 3113 1197 3150 se
1206 3099 1383 3163 mobile,qu0d
1396 3101 1482 3164 purtim
1494 3114 1594 3151 movens
1603 3101 1712 3164 sii,per·

63 3184 127 3246 ουδὲ
156 3182 325 3262 κινούμενον,
343 3179 449 3260 λέγεται
477 3175 654 3248 αὐτοκίνητον·
680 3173 698 3245 ἢ
724 3173 782 3233 δλον
808 3174 886 3234 έαυτδ
927 3187 1434 3253 θιιιιιιοιυιιιςοιιῑηυοθθοιυιιιεοίρευιιι
1445 3189 1713 3253 moveat,etaseipso

100 3279 196 3346 κινοῦν,
224 3270 271 3331 καὶ
299 3271 341 3353 ὑφ’
370 3273 465 3330 ἑαυτοῦ
488 3264 648 3344 κινούμενον.
670 3262 738 3324 Ἀλλ’
763 3265 786 3322 εἰ
814 3264 887 3348 μέρει
928 3277 1060 3326 moveatur.
1093 3280 1182 3327 Verum
1196 3276 1342 3341 sipartesui
1358 3278 1452 3338 movet,
1465 3280 1531 3340 parte
1545 3279 1668 3339 moretum
1683 3278 1714 3329 de

101 3363 181 3440 κινεῖ,
195 3360 242 3420 καλ
265 3360 338 3442 μέρει
362 3366 486 3430 κινεῖται,
505 3353 566 3435 περὶ
584 3359 630 3413 τοῦ
644 3357 774 3419 κινοῦντος
795 3351 887 3435 μέρους
927 3366 1039 3416 movente
1050 3371 1119 3430 parte
1131 3379 1215 3415 rursus
1231 3365 1295 3416 idem
1308 3364 1618 3428 estqoaerendum,ntrum
1633 3379 1674 3429 per
1687 3380 1713 3418 so

101 3452 178 3512 πάλιν
197 3451 231 3509 sd
246 3449 313 3508 αὐτὰ
328 3445 480 3530 έριυτητέον,
495 3445 604 3527 πότερον
622 3443 788 3519 αὐτοκίνητόν
804 3446 887 3519 ἐστιν,
928 3455 1023 3506 mobilis
1037 3469 1066 3505 ea
1078 3455 1122 3516 sit,
1133 3469 1162 3504 an
1178 3455 1212 3504 ita
1225 3458 1334 3516 moreat,
1354 3455 1382 3504 ut
1399 3454 1452 3518 ipsa
1466 3453 1562 3505 aliunde
1579 3461 1711 3505 moueatur.

101 3537 117 3609 θ,
141 3539 266 3620 ἑτέρωθεν
295 3535 445 3614 κινούμενον
473 3535 546 3594 κινεῖ·
566 3533 623 3620 ,κοιλ
654 3535 676 3592 εἰ
692 3540 784 3610 τοῦτο,
805 3532 822 3604 θ,
845 3534 887 3593 ἐπ’
929 3543 999 3603 Quod
1011 3545 1031 3594 si
1041 3544 1149 3606 lroc,eut
1157 3545 1180 3594 iu
1191 3543 1310 3593 infinitum
1321 3543 1508 3608 progrediemur,
1520 3545 1646 3607 autpcrse
1665 3557 1713 3594 mo·

64 3650 87 3690 us
102 3627 206 3710 ἄπειρον
217 3624 439 3710 προελευσόμεθα,
450 3623 468 3696 ἦ
481 3623 650 3695 αὐτοκίνητον
662 3621 846 3700 ὑποθησόμεθα
858 3623 888 3682 τὸ
928 3632 975 3683 bile
987 3634 1120 3683 statuemus
1129 3632 1234 3696 primum
1247 3631 1319 3694 illud,
1334 3635 1360 3682 ut
1373 3631 1439 3696 quod
1450 3634 1528 3681 totum
1544 3638 1568 3681 et
1582 3636 1677 3682 moveet
1688 3633 1713 3683 ot

100 3721 212 3796 πρῶτον,
224 3719 259 3784 ὡς
272 3714 332 3775 δλον
353 3721 449 3786 κινοῦν,
461 3713 507 3772 καὶ
521 3711 581 3771 ὅλον
600 3709 761 3790 κινούμενον.
802 3709 844 3772 Τδι
860 3711 887 3770 δὲ
927 3723 1061 3770 moveatur.
1099 3721 1189 3772 Eadem
1200 3723 1225 3770 et
1242 3720 1273 3770 de
1287 3720 1318 3770 ils
1333 3719 1434 3769 dicenda
1451 3723 1590 3782 sunt,quse
1604 3732 1645 3782 per
1660 3732 1712 3769 sese

100 3805 166 3865 αὐτδι
185 3805 231 3865 καλ
251 3803 312 3886 περὶ
328 3809 374 3862 τοῦ
396 3801 595 3862 αὐθυποστάτου
623 3799 724 3882 ῥητέον.
774 3799 886 3879 Ἀνάγκη
928 3809 1071 3859 subsistunt.
1104 3812 1207 3860 Necesse
1217 3808 1333 3865 estenim.
1344 3807 1449 3882 primum
1460 3806 1520 3856 illud
1533 3809 1557 3856 et
1566 3806 1661 3870 proprie
1671 3819 1712 3870 per

100 3892 149 3974 γὰρ
161 3892 191 3952 τδ
204 3897 308 3974 πρῶτον
323 3891 369 3950 καὶ
380 3889 473 3972 κυρίοις
487 3887 684 3948 αὐθυπόστοιτον
697 3885 757 3948 ὅλον
773 3889 886 3970 θριστά-
927 3911 980 3947 sese
990 3897 1137 3961 subsistens,
1155 3898 1274 3960 ejusmodi
1290 3912 1356 3959 esse,
1375 3901 1440 3964 quod
1451 3899 1530 3952 totum
1543 3905 1568 3954 et
1576 3899 1707 3953 subsistere

99 4003 140 4040 νον
169 3973 246 4054 εἶναι,
272 3978 318 4040 καὶ
340 3977 401 4038 δ’λον
427 3977 611 4072 θριστάμενον.
653 3975 693 4036 Τύ
715 3975 742 4035 δέ
760 3981 885 4056 τοιοῦτον,
927 3985 1180 4048 laciai,etsnbsistat.
1214 3987 1284 4046 Quod
1297 4002 1354 4038 vero
1366 3989 1485 4051 eiusmodi
1495 3984 1617 4052 est,in¹'d
1628 3989 1710 4040 statim

64 4091 86 4129 ιιι
100 4067 194 4151 ἀμερές
213 4067 287 4135 εὐθὺς
310 4067 411 4147 ἀνάγκη
431 4073 512 4138 εἶναι,
534 4065 579 4124 κοιλ
595 4063 760 4124 ἀδιάστατον.
803 4067 886 4145 Μερι-
927 4075 999 4125 etiem
1012 4089 1109 4126 neeesse
1124 4081 1160 4126 est
1176 4089 1253 4139 neque
1265 4076 1416 4140 partitionem
1433 4090 1513 4139 neque
1527 4076 1711 4139 disjunctionem

99 4157 158 4218 σ’τόν
170 4155 223 4240 γδιρ
237 4155 283 4216 κοιλ
299 4155 438 4215 διαστατδν
452 4153 581 4235 ὑπάρχον,
597 4156 625 4212 οὐ
638 4155 747 4212 δύναται
762 4149 821 4212 θλον
833 4153 886 4234 ὅλῳ
927 4163 1019 4214 cadere.
1053 4167 1111 4214 lium
1121 4164 1226 4214 sidisidi
1236 4166 1260 4214 et
1273 4163 1376 4227 disiungi
1383 4167 1468 4228 quest,
1481 4179 1529 4216 uon
1540 4169 1620 4228 potest
1631 4168 1710 4216 totum

98 4250 184 4328 ἑαυτῷ
202 4243 384 4328 ἔροιρμόττειν,
406 4243 479 4312 ὡςσδ
494 4243 553 4303 ὅλον
569 4233 634 4301 εἶναι
651 4247 748 4315 κινοῦν,
763 4240 808 4299 καὶ
826 4239 886 4300 elev
927 4251 973 4300 sibi
993 4251 1038 4301 toti
1054 4251 1086 4300 ita
1104 4265 1157 4302 esse
1168 4257 1265 4316 aptum,
1277 4255 1305 4302 ut
1322 4255 1399 4302 totum
1420 4253 1452 4302 sit
1466 4266 1581 4315 movens,
1597 4253 1710 4318 idemque

97 4336 126 4394 εὐ
140 4333 205 4394 αὐτὸ
227 4331 387 4410 κινούμενον,
411 4329 429 4402 ἢ
450 4331 509 4389 ilos
532 4329 641 4413 ὐριστθν
656 4321 736 4401 εἶναι,
762 4329 807 4387 καὶ
826 4327 884 4388 θλον
926 4339 1004 4388 totum
1015 4338 1039 4388 id
1051 4339 1114 4402 quod
1125 4341 1263 4401 mereatum
1276 4341 1320 4389 aut
1334 4342 1449 4390 uttotum
1465 4341 1497 4390 sit
1508 4340 1532 4390 id
1546 4340 1611 4404 quod
1622 4343 1709 4393 consti·

97 4423 285 4506 θριστάμενον.
328 4420 468 4481 llll’odtt
489 4421 562 4478 ἁπλᾶ
581 4408 694 4477 εἶναιτὰ
713 4415 825 4496 σώματα
840 4415 886 4476 δύ-
925 4431 993 4489 tuat,
1015 4429 1133 4478 ettotam
1151 4427 1176 4476 id
1195 4427 1258 4490 quod
1278 4427 1447 4478 constituatur.
1481 4427 1529 4478 Sed
1546 4441 1576 4478 ne
1594 4427 1710 4492 simplicis

62 4531 83 4570 ts
96 4537 184 4587 νοιτοιι,
199 4510 227 4580 ἐξ
241 4507 412 4588 ὑποκειμένου
427 4507 494 4575 τινύς
506 4507 583 4582 ὄντα,
594 4506 639 4566 κοιλ
653 4506 750 4580 εἴδους,
764 4505 810 4566 κοιλ
824 4507 886 4565 πολ·
925 4513 1023 4582 quide'm
1035 4529 1088 4566 esse
1100 4520 1200 4579 possunt
1213 4527 1326 4578 corpore,
1338 4516 1427 4579 quippe
1443 4529 1499 4580 ηιιεο
1513 4516 1620 4579 subjecto
1628 4516 1709 4580 aliquo

96 4605 148 4662 λῶν
162 4605 216 4661 τῶν
236 4597 459 4680 συμπληρούντων
474 4596 553 4670 αὐτὸ,
575 4595 696 4676 μεγέθους
704 4641 712 4669 ,
734 4595 884 4675 σχήματος,
925 4607 1048 4668 coustant,
1061 4605 1086 4654 et
1098 4601 1182 4664 lorino,
1194 4607 1219 4653 et
1229 4603 1311 4653 multis
1322 4603 1409 4666 quibus
1420 4603 1461 4654 iila
1471 4605 1547 4654 torma
1558 4605 1709 4668 compleatur

95 4691 251 4772 χρώματος,
260 4688 306 4747 καὶ
314 4691 366 4747 τῶν
378 4685 509 4745 τοιούτων·
522 4683 590 4766 ἅπερ
602 4687 649 4744 οὐκ
661 4682 715 4742 ἔστι
729 4681 884 4763 πρωτουργύ
926 4696 1013 4757 rebus,
1032 4693 1205 4756 magnitudine.
1221 4692 1309 4755 figure,
1328 4692 1407 4744 colore
1418 4695 1442 4743 et
1454 4693 1583 4754 similibus,
1596 4706 1651 4756 que
1660 4707 1707 4743 non

96 4781 170 4853 εἴδη,
183 4774 254 4836 ἀλλά
269 4775 381 4854 μεθεῖεις
394 4778 446 4833 τῶν
459 4777 636 4856 πρωτουργῶν
649 4774 723 4830 εἰδῶν
738 4775 764 4830 ἐν
779 4775 884 4831 ὐποκει-
925 4789 981 4834 sunt
997 4783 1080 4847 primu
1089 4783 1114 4831 et
1125 4781 1367 4844 ellicientesspccles,
1384 4780 1427 4831 sed
1447 4781 1642 4845 participationes
1660 4779 1707 4844 pri·

98 4867 167 4949 μένῳ
188 4865 241 4927 τινὶ
263 4864 369 4946 ἀντιθέῳ
387 4869 425 4942 τῷ
451 4861 587 4942 μετέχοντι
607 4860 751 4941 γινόμεναι.
793 4857 883 4920 Ὅπου
924 4873 1063 4921 mitiverum
1080 4870 1225 4933 specierum,
1247 4868 1271 4918 in
1283 4869 1392 4932 subjecto
1407 4869 1486 4932 aliquo
1500 4868 1590 4918 nullam
1607 4868 1706 4919 formam

98 4957 144 5033 μὲν
163 4957 216 5036 γάρ
239 4956 296 5013 ἐστι
318 4951 477 5033 προιτότυποι
491 4949 524 5008 τδι
544 4949 614 5022 εἴδη,
635 4948 704 5008 ἔστιν
726 4947 788 5007 αὐτὸ
808 4953 884 5007 τοῦτο
924 4960 1038 5020 lubente,
1056 4957 1120 5022 ηιιοι]
1145 4958 1198 5007 illas
1220 4958 1360 5021 participat,
1378 4958 1530 5008 exsistentes.
1574 4956 1622 5006 Ubi
1641 4957 1705 5006 enim

63 5061 84 5094 ³1¹¹
99 5045 208 5103 ἕκαστον
222 5041 286 5122 ὅπερ
302 5041 373 5114 ἐστὶ,
388 5038 434 5098 καλ
448 5043 477 5098 οὐ
490 5040 572 5096 δεῖται
586 5036 653 5104 τινος
668 5043 713 5096 τοῦ
730 5035 883 5117 μετέχοντος
923 5047 1075 5112 primogenius
1087 5046 1170 5096 lormoe
1183 5047 1252 5106 sunt,
1264 5046 1454 5109 unumquodque
1465 5046 1490 5095 id
1507 5046 1587 5108 ipsum
1599 5045 1649 5105 est,
1661 5056 1706 5094 nec

100 5133 223 5191 ἀντιθέου.
264 5126 356 5190 Ὅπου
373 5127 400 5187 δὲ
414 5125 593 5206 μέθεξῖςέστῑν
609 5125 661 5183 ἀπὸ
678 5129 729 5184 τῶν
744 5122 882 5206 πρωτοτῦ-
923 5135 1495 5204 egetsubjectoinlormi,quodilludperticipet.
1528 5134 1705 5199 Ubiveroper·

100 5245 163 5294 των,
178 5223 219 5279 δεῖ
230 5217 336 5286 ττοῖοττος
350 5216 415 5277 ἄλλο
429 5207 495 5276 ellel
514 5214 545 5274 τὸ
559 5211 679 5294 μετέχον,
699 5212 810 5274 ἀντίθεον
824 5213 881 5272 καθ’
923 5229 1030 5292 iicipatio
1043 5229 1081 5277 est
1094 5225 1228 5288 specierum
1248 5223 1462 5288 primogeuierum,
1476 5222 1510 5272 ibi
1524 5222 1623 5271 omnino
1640 5220 1703 5271 alliud

102 5310 162 5370 αὐτὸ
176 5308 306 5388 ὑπάρχον.
926 5329 977 5368 csse
989 5313 1082 5380 oportet
1091 5311 1156 5375 quod
1165 5310 1305 5375 participat,
1317 5323 1372 5361 eum
1384 5323 1426 5374 per
1435 5323 1460 5360 se
1472 5308 1573 5358 interme
1586 5309 1625 5358 sit.

191 5425 328 5469 surrecturus.
1541 5425 1567 5464 ιο
