3732 5778
112 519 263 600 ese-m.)
660 515 704 578 rs
725 513 949 577 sncnimn.
972 516 1062 578 css.
1082 519 1198 578 xxxi.
1488 522 1635 599 (us-m.)
1678 531 1714 584 ω

110 647 248 730 ἐνεργείας·
260 648 293 706 οὐ
303 645 350 714 τάς
360 643 512 723 σωματικάς
522 642 672 721 κινούμενον
678 641 806 721 κινήσεις,
816 642 896 722 (κατά
938 667 980 704 nes
993 651 1140 718 :etquidem
1152 667 1200 704 non
1213 657 1337 718 corporeis
1348 661 1458 706 ureretur
1473 659 1634 722 irrotionibus,
1652 661 1716 724 (nnus

108 737 159 818 γίιρ
172 736 292 808 ἐκείνας,
315 733 435 807 ἀκίνητόν
451 734 541 808 torem)
561 731 629 790 ἀλλά
649 731 695 798 τίις
714 731 835 814 ψυχικάς·
857 722 898 798 αἷς
937 741 1040 804 quodud
1051 742 1103 792 ilias
1113 745 1207 804 attinet,
1217 743 1338 794 immobile
1345 745 1448 806 ost‚)sed
1460 759 1515 810 qum
1522 748 1654 799 animarum
1663 757 1718 800 suut

109 823 227 902 ὀνόματά
247 827 321 894 ἐστι,
341 823 508 892 σκοπεῖσθαι,
532 819 712 899 βουλεύεσθαι,
726 821 897 892 διανοεῖσθαι,
938 828 1168 892 proprise;quarum
1185 829 1363 892 nomimant,
1385 831 1550 894 considerare,
1571 835 1717 896 deliberare,

110 912 233 981 δοξάζειν·
258 911 319 968 καθ’
332 909 362 975 ἃς
383 908 448 979 αὐτή
470 905 618 985 κινουμένη,
644 907 710 965 κινεῖ
732 905 766 965 τά
785 905 896 984 σώματα
938 917 1274 980 cugitsrc‚opineri:quibus
1285 919 1336 981 ipsu
1346 931 1402 968 curn
1414 924 1548 982 morentur,
1560 933 1658 986 corpora
1670 938 1718 972 nio·

85 1023 96 1060 s
110 999 178 1058 seed
195 997 245 1066 τάς
261 996 415 1074 σωματικάς
426 994 548 1066 κινήσεις.
939 1007 980 1053 set
990 1004 1110 1066 corporeis
1122 999 1276 1054 motionibus.

148 1093 195 1148 Δεῖ
211 1085 240 1146 δέ
255 1085 310 1166 πρὸ
320 1091 366 1144 τοῦ
378 1089 497 1143 ὁπωσοῦν
512 1082 720 1161 μεταύοὼλοντος
734 1073 800 1141 εἰναι
812 1081 842 1142 τὸ
856 1105 899 1141 τε·
970 1089 1164 1140 omninoautenr
1183 1095 1238 1142 ante
1256 1092 1280 1142 id
1301 1092 1365 1155 quod
1385 1097 1515 1158 utcumque
1536 1097 1650 1156 mutatur,
1667 1111 1719 1146 essu

109 1175 172 1244 λέως
187 1175 389 1254 ἀμετάύλητον,
402 1171 445 1231 ἰνα
460 1171 505 1230 καί
516 1172 546 1230 τὸ
557 1170 721 1250 μιτοιύάλλον
736 1171 801 1250 μένῃ
822 1195 899 1247 μιτα-
939 1177 1034 1238 oportet
1042 1175 1066 1226 id
1073 1176 1137 1239 qnod
1147 1177 1213 1228 nullo
1224 1178 1295 1228 modo
1309 1182 1424 1241 mutetur,
1443 1186 1504 1232 utet
1516 1183 1553 1244 id,
1566 1184 1630 1247 quud
1644 1189 1720 1234 muta·

111 1265 221 1325 ύάλλσν.
269 1259 431 1342 Ἧμένγάρ
450 1259 548 1332 κίνησις
567 1259 612 1318 καὶ
631 1258 765 1336 μεταὸολὴ
785 1258 900 1326 καὶτοῖς
941 1267 987 1323 tur,
997 1262 1112 1312 mutabite
1126 1269 1228 1312 maneat.
1261 1265 1720 1330 blotioenimatquemutatioeteoeie·

110 1351 241 1432 οὐρανίοις
252 1351 301 1409 καὶ
321 1359 374 1417 τοῖς
387 1347 437 1408 ὑπὸ
452 1347 563 1420 σελήνην
578 1347 687 1428 ἀψύχοις
700 1345 830 1428 ὐπάρχει,
854 1351 900 1418 τῆς
941 1349 1223 1402 stibusetsubtunsribus
1230 1352 1634 1418 inanimatisprnstuestmuorente
1644 1359 1722 1408 eninm

78 1437 216 1520 ιυπρὼτης
229 1441 272 1470 *¹
293 1436 421 1508 κινούσης.
463 1434 503 1495 Τὸ
518 1433 544 1492 δέ
558 1433 599 1492 ἀεὶ
617 1431 686 1492 κατίι
703 1433 736 1492 rb
758 1431 841 1512 αύτά,
856 1433 902 1492 καί
941 1438 1025 1500 [νήσοιο.
1058 1439 1129 1498 Quod
1139 1453 1194 1490 reru
1202 1441 1383 1504 semperesdern
1391 1443 1634 1508 retinue‚eodemque
1642 1446 1722 1504 modo,

109 1527 254 1599 ὡσαύτως,
269 1525 315 1585 καί
327 1525 387 1605 περὶ
399 1521 431 1582 τὰ
446 1521 530 1596 αὐτά,
546 1523 591 1580 καί
614 1523 672 1580 καθ’
692 1523 737 1580 ἕνα
749 1521 835 1600 λόγον,
856 1522 901 1580 χαί
941 1530 966 1574 et
975 1527 1036 1576 eirea
1048 1527 1145 1588 eadem,
1157 1534 1181 1578 et
1193 1541 1241 1578 uos
1253 1530 1343 1579 ratione
1354 1531 1486 1594 eodemque
1496 1532 1577 1582 ordine
1587 1541 1722 1594 morentur,

109 1613 172 1693 μίαν
186 1614 277 1688 τάξιν,
298 1613 376 1672 πόθεν
396 1611 509 1693 ὑπάρχει
527 1619 580 1678 τοῖς
602 1608 748 1690 οὐρανίοις,
770 1609 848 1668 πόθεν
874 1608 901 1668 δέ
921 1674 923 1680 ,
942 1612 966 1662 id
977 1615 1115 1666 scelestibus
1125 1615 1188 1668 unde
1197 1617 1386 1678 contigittunde
1399 1633 1455 1669 rero
1468 1621 1540 1669 etiam
1555 1621 1725 1672 subiunoribus

109 1701 153 1761 καί
167 1705 194 1762 ἐν
211 1703 271 1768 τοῖς
283 1699 334 1758 ὑπὸ
348 1698 459 1771 σελήνην
471 1703 488 1770 ἡ
503 1697 555 1756 ἀπὸ
565 1700 616 1755 τῶν
631 1699 718 1755 αὐτῶν
730 1695 773 1756 ἐπί
788 1693 822 1754 ris
836 1692 902 1754 αὐτὰ
921 1688 923 1739 ἶ
943 1702 1059 1766 mntingit
1069 1707 1198 1768 perpetuus
1211 1717 1240 1756 ex
1254 1704 1345 1754 eisdem
1360 1706 1390 1755 ad
1408 1707 1492 1758 eadem
1511 1709 1585 1759 vetuti
1601 1710 1625 1760 in
1641 1711 1723 1762 orbem

109 1789 149 1848 risi
162 1787 361 1858 ἀνακύκλησις,
370 1789 421 1844 τῶν
436 1809 463 1843 τε
475 1785 620 1865 στοιχείων,
635 1783 681 1842 καί
694 1787 745 1842 τῶν
755 1786 840 1864 ὡρῶν,
855 1783 903 1840 καί
943 1789 1048 1850 reditus,
1062 1797 1111 1842 tam
1121 1792 1259 1856 elementis,
1270 1808 1343 1857 qnam
1354 1796 1410 1845 anni
1425 1796 1644 1859 vicissitudinibus,
1657 1798 1723 1850 deni·

77 1889 98 1930 ts
109 1881 160 1936 τὼν
171 1875 260 1948 ζὼων,
274 1874 320 1933 καί
331 1878 382 1932 τῶν
393 1876 492 1955 ρυτὼνς
501 1871 549 1932 κάν
560 1869 612 1952 γὰρ
622 1875 661 1952 τῷ
673 1873 775 1951 ἀριθμῷ
789 1869 826 1949 μὴ
837 1869 902 1950 μένῃ
943 1891 990 1942 qne
1003 1879 1182 1942 animantibus,
1198 1886 1270 1945 atque
1286 1882 1418 1946 stirpibus?
1436 1884 1530 1934 etiarnsi
1546 1885 1609 1934 enirn
1625 1899 1726 1937 numero

109 1964 193 2024 ταύτά
206 1963 245 2024 τὰ
272 1961 502 2039 ἀνακυκλούμινα,
523 1959 611 2041 ὡσπερ
627 1959 670 2018 ἐτί
694 1963 746 2018 τῶν
768 1957 902 2040 οὐρανίων,
943 1967 1027 2018 eadem
1034 1981 1081 2018 nun
1096 1973 1235 2032 permanent
1245 1970 1297 2020 hsce
1308 1970 1332 2020 in
1343 1971 1426 2020 orbem
1438 1971 1646 2036 redeuntia,quod
1662 1974 1689 2024 dt
1700 1975 1725 2024 in

112 2053 178 2112 ἀλλά
193 2057 233 2134 τῷ
248 2053 312 2110 εἴδει
327 2048 360 2108 τά
381 2048 449 2108 αὐτίι
463 2049 680 2107 ἀποκαθίσταται.
722 2047 773 2109 Ἐκ
783 2045 834 2128 γὰρ
850 2071 903 2107 πυ-
943 2053 1097 2118 celestinum
1107 2057 1276 2119 specietamen
1287 2072 1315 2108 ac
1327 2059 1402 2108 turma
1418 2059 1442 2109 in
1460 2060 1543 2110 eadem
1557 2061 1725 2112 restituuntur.

113 2142 166 2221 ρθς,
182 2141 248 2220 ἀήρ·
262 2139 308 2198 καί
328 2138 355 2207 ἐξ
368 2137 456 2220 ἀέρος,
470 2135 548 2216 ὕδωρ·
563 2135 608 2195 καί
623 2134 648 2204 ἐξ
668 2134 773 2208 ὓδατος,
793 2140 844 2212 γῆ,
857 2133 903 2194 καί
944 2145 1004 2193 itam
1013 2156 1044 2192 ex
1055 2143 1108 2206 igne
1119 2144 1146 2194 dt
1156 2157 1197 2196 uer
1207 2147 1233 2194 et
1241 2159 1271 2194 ex
1282 2159 1336 2197 aere
1347 2161 1425 2211 aqna,
1438 2152 1462 2198 et
1472 2161 1502 2198 es
1518 2161 1580 2211 aqua
1588 2153 1726 2210 terrenor-

113 2229 194 2287 πάλιν
207 2225 331 2308 πῦρ·καί
346 2223 414 2303 μετά
432 2223 489 2306 ἐαρ,
504 2223 594 2304 θέρος,
617 2222 662 2281 καί
677 2221 837 2304 μετόπωρον,
858 2222 903 2282 καί
944 2232 1102 2294 susqueignis
1113 2247 1119 2281 :
1129 2233 1725 2298 postrerinststestes,etautumnus,ethiems,

1 2335 2 2402 j
78 2327 100 2367 ²⁰
112 2315 226 2395 χειμὼν,
239 2315 287 2374 καὶ
302 2314 380 2372 πάλιν
396 2311 451 2394 ἔαρ·
470 2311 515 2370 καὶ
530 2311 582 2369 ἀπὸ
602 2316 697 2392 πυροῦ,
715 2309 839 2387 καλάμη,
858 2310 903 2369 καί
944 2332 1076 2383 rursusque
1088 2333 1130 2370 ver
1140 2335 1146 2370 ι
1157 2324 1182 2371 et
1193 2335 1207 2372 e
1219 2321 1338 2372 frumento
1349 2323 1460 2386 culmus,
1473 2329 1497 2374 et
1511 2324 1599 2385 herbe,
1611 2332 1636 2376 et
1652 2326 1726 2390 spica,

114 2403 231 2482 βοτάνη,
263 2400 308 2460 καί
337 2399 466 2480 ἄσταχυς,
492 2399 537 2458 καί
564 2398 644 2457 πάλιν
672 2396 761 2477 πυράς·
786 2398 832 2457 καί
850 2397 903 2457 ἀπὸ
944 2413 968 2456 et
977 2421 1061 2458 rursus
1071 2408 1217 2459 trumentum
1231 2416 1272 2461 :et
1281 2410 1311 2460 ab
1321 2411 1416 2462 nornine
1424 2417 1555 2474 semen,et
1567 2419 1726 2476 menstruum,

113 2491 270 2574 diripuimus,
293 2487 419 2570 σπέρμα,
440 2485 485 2547 καί
505 2485 677 2565 καταμήνιον,
703 2487 748 2544 καί
761 2485 840 2544 πάλιν
857 2485 903 2544 ois-
944 2499 1059 2546 etrursns
1072 2497 1152 2547 bomo.
1185 2497 1255 2549 Unde
1271 2498 1342 2561 igitur
1354 2500 1400 2550 iste
1411 2500 1441 2550 ud
1451 2500 1515 2551 idern
1527 2502 1650 2553 reversio?
1668 2505 1727 2554 itam

113 2585 226 2660 θρωπος.
271 2577 355 2638 Πόθεν
370 2567 413 2634 οὐν
429 2575 495 2648 αὕτη
509 2580 526 2647 ἡ
540 2574 668 2646 ταυτότης
681 2595 689 2652 ;
702 2579 719 2645 ἡ
726 2573 780 2683 γὰρ
791 2574 903 2647 κίνησις,
944 2583 995 2646 ipse
1004 2588 1086 2634 neotus
1100 2584 1228 2638 discrimen
1236 2586 1447 2652 diversitatemque
1458 2591 1540 2640 eiiicit.
1573 2591 1728 2656 Perspicuum

114 2665 261 2738 ἐκστατική
279 2667 349 2737 ἐστι,
368 2663 413 2722 καὶ
435 2661 588 2744 ἐτεροποιύς·
612 2661 689 2732 δῆλον
712 2685 766 2734 ουν,
789 2660 830 2720 ὅτι
852 2661 904 2719 ἀπὸ
945 2676 983 2720 est
994 2671 1075 2734 igitur,
1085 2687 1137 2722 esse
1149 2675 1195 2723 boc
1209 2674 1239 2724 ab
1251 2674 1369 2726 immobili
1382 2678 1462 2739 aliqua
1472 2680 1496 2728 et
1507 2692 1604 2742 prorsus
1616 2677 1726 2728 immutu-

81 2775 103 2813 ιν
114 2755 239 2826 ἀκινήτου
259 2751 327 2818 τινὀς
349 2751 394 2810 καί
414 2751 582 2809 παντάπασιν
602 2747 787 2829 ἀμεταύλήτου
807 2747 904 2820 αἰτίας,
945 2759 985 2808 biti
999 2773 1097 2824 mussa,
1115 2762 1241 2825 cujusuna
1254 2762 1386 2826 eademque
1405 2764 1465 2814 ratio
1481 2767 1597 2828 perpetuu
1610 2764 1650 2814 sit.
1668 2767 1728 2816 sam

115 2848 160 2915 τῆς
173 2842 218 2901 ἀεὶ
243 2837 312 2900 κατὰ
328 2837 360 2897 τά
382 2837 449 2898 αὐτὰ
472 2837 517 2897 καί
540 2835 665 2904 ὡσαύτως
690 2837 808 2916 ἐχούσης.
853 2835 904 2896 Καὶ
944 2845 967 2896 ei
977 2847 1042 2911 quod
1053 2847 1190 2914 ulias[isoe,
1203 2847 1261 2898 atius
1273 2847 1354 2913 iliud‚]
1367 2850 1456 2913 cogitet
1472 2856 1514 2900 aut
1524 2851 1587 2913 ugit,
1600 2851 1659 2900 atius
1674 2851 1727 2900 diu·

115 2927 291 3012 γάρτοῦποτέ
304 2925 351 3006 μέν
363 2927 445 2985 τάδε’ι
458 2928 470 2951 '
482 2933 598 2994 νοοῦντος
610 2923 627 2996 ἢ
641 2931 790 3003 ποιοῦντος,
799 2923 862 2984 ποτέ
877 2923 903 2983 δὲ
945 2937 1030 2986 tornes
1048 2937 1120 2987 trehet
1135 2938 1256 2998 actiones,
1273 2938 1414 2988 antecedere
1433 2952 1530 2988 necesse
1545 2943 1583 2988 est
1603 2939 1626 2988 id
1634 2975 1641 3000 ,
1660 2939 1725 3002 quod

115 3017 239 3100 χρονικάς
252 3015 299 3083 τίις
313 3014 440 3096 ἐνεργείας
455 3013 748 3095 ἐχοντος,προηγεῖσθαι
758 3013 858 3091 ἀνάγκη
873 3011 904 3072 τὸ
946 3036 995 3073 uno
1008 3023 1140 3088 eodemque
1157 3025 1229 3074 modu
1245 3028 1361 3088 perpetuo
1376 3039 1402 3076 se
1414 3025 1514 3089 habeat,
1529 3032 1553 3076 et
1565 3039 1618 3076 eero
1632 3026 1728 3076 divisiu-

117 3109 156 3166 ἀεὶ
169 3106 242 3168 κατὰ
263 3103 297 3163 st
312 3103 395 3176 αύτίι,
416 3103 463 3162 καί
481 3101 619 3174 ὡσαύτοις,
637 3101 683 3161 καί
704 3103 730 3159 ἐν
749 3104 843 3183 ἀμερεῖ
858 3102 904 3160 καί
945 3111 983 3162 nis
998 3117 1071 3175 atque
1087 3113 1199 3162 motionis
1217 3118 1315 3176 experte
1328 3113 1480 3174 agutomnia.
1511 3117 1608 3171 Quanto
1620 3115 1684 3164 enim
1700 3128 1729 3162 eu

84 3195 233 3276 ιοάκινήτυρ
247 3195 322 3252 αἰῶνι
336 3191 422 3249 πάντα
438 3193 565 3271 ἐνεργοῦν.
607 3187 686 3270 Ὀσῳ
700 3189 751 3271 γάρ
769 3195 846 3248 τοῦτο
859 3195 904 3249 τοῦ
945 3201 1009 3263 quod
1027 3215 1069 3264 per
1087 3214 1140 3252 sese
1154 3207 1266 3252 moretur
1283 3201 1315 3252 sit
1333 3201 1487 3265 praestantius
1503 3201 1578 3262 iilud,
1596 3201 1666 3265 cujus
1682 3216 1728 3252 nun

118 3281 291 3354 αὐτοκινήτου
304 3287 439 3358 κρεῖττον,
454 3278 483 3338 τὸ
496 3279 532 3356 μὴ
546 3276 623 3356 μόνον
636 3280 694 3336 κατ’
704 3277 793 3337 οὐσίαν
809 3275 905 3355 ἀμετά·
945 3287 1049 3338 essentie
1064 3288 1135 3338 niodo
1146 3293 1184 3340 est
1203 3289 1372 3350 immutabilis,
1391 3290 1472 3340 sedet
1490 3289 1596 3354 potentie
1611 3292 1636 3340 ot
1651 3290 1728 3350 setin,

119 3373 224 3445 ὐλητον,
245 3367 315 3428 ἀλλά
329 3369 374 3426 καί
389 3366 460 3426 κατὰ
484 3365 603 3444 δύναμιν,
624 3365 669 3424 καί
683 3366 742 3424 κατ’
764 3365 904 3448 ἐνέργειαν,
945 3375 1036 3424 cisrrnu
1046 3381 1091 3426 est.
1124 3375 1195 3435 erod
1209 3376 1445 3439 sempronianum,
1458 3375 1522 3426 idem
1541 3376 1612 3426 etium
1620 3377 1730 3428 essentias

117 3458 247 3542 πρόδηλόν
263 3461 328 3517 ἐστι.
369 3455 409 3516 Τὸ
424 3453 451 3514 δέ
465 3459 581 3538 κρεῖττον
606 3453 707 3532 ἀνάγκη
725 3453 904 3536 προϋπάρχειν
945 3461 1036 3511 νοτίοιο
1048 3461 1116 3524 prius
1125 3475 1178 3514 esse
1188 3469 1329 3514 necesseest
1339 3463 1504 3514 deterioribus.
1537 3468 1567 3517 Et
1575 3465 1617 3530 qui
1626 3465 1657 3514 ad
1667 3466 1728 3530 prin·

685 3541 737 3623 'fii
748 3541 792 3602 τὸν
804 3543 847 3600 ἐπὶ
858 3542 904 3610 τὰς
945 3547 1006 3610 sipia
1017 3547 1161 3598 adscendere
1173 3549 1237 3609 ruit,
1246 3549 1267 3598 is
1284 3563 1392 3613 quaerere
1401 3550 1510 3613 debebit,
1523 3552 1629 3614 possitne
1637 3552 1727 3616 aliquid

84 3648 107 3688 ιι
120 3633 204 3716 ἀργὰς
218 3632 394 3692 ἀναὸαίνοντα
407 3635 503 3706 ζητεῖν,
517 3632 539 3688 εἰ
554 3629 662 3688 δυνατὸν
675 3653 687 3687 ε
699 3629 741 3688 ναί
754 3653 780 3688 τι
789 3637 904 3710 κρεῖττον
945 3635 1017 3684 etiem
1029 3649 1058 3686 eu
1069 3649 1122 3685 essu
1131 3637 1249 3700 principio
1258 3638 1411 3700 prestantius
1420 3639 1483 3702 ηιιοιΙ
1494 3640 1631 3690 statuimus.
1659 3640 1728 3698 Quoi

119 3705 342 3796 γῆς’ὓιτοτιθείσης
357 3721 449 3800 ἀρχῆς·
464 3717 513 3777 κᾶν
530 3722 636 3798 εὑρεθῇ,
649 3717 728 3776 πάλιν
750 3719 791 3775 ἐπ’
807 3717 904 3776 ἐκείνου
946 3720 966 3770 si
978 3725 1098 3784 repertum
1111 3721 1196 3784 tuerit,
1210 3737 1293 3774 rursus
1303 3723 1327 3773 iu
1339 3725 1381 3775 iiio
1390 3724 1556 3788 querendum,
1565 3725 1641 3776 donee
1652 3725 1729 3776 adse·

120 3813 213 3884 ζητεῖν·
228 3809 276 3876 ἕως
289 3809 320 3867 ἀν
336 3811 371 3874 εἰς
383 3807 430 3873 τίις
443 3805 589 3887 ἀκροτάτας
606 3805 702 3874 ἐννοίας
717 3806 843 3885 ἔλθοιμεν,
865 3799 902 3865 ὡν
947 3822 1039 3871 premes
1050 3810 1206 3872 cogitationes
1214 3812 1561 3876 pervenerimus,quibusnibil
1573 3816 1646 3864 restet
1655 3815 1729 3864 excet-

121 3902 206 3959 ούκέτι
220 3895 379 3977 σεμνοτέρας
393 3895 497 3975 ἔχομεν·
512 3893 556 3953 καί
572 3893 609 3972 μὴ
625 3900 720 3966 στῆσαι
735 3894 782 3967 τλν
801 3894 904 3954 ἀνάὸα.
946 3893 1049 3956 ientins;
1061 3907 1105 3944 nec
1117 3895 1184 3956 prius
1194 3892 1225 3943 ab
1234 3894 1352 3944 adscensu
1364 3894 1538 3944 desistendum.
1571 3898 1654 3957 Neque
1665 3893 1729 3944 enim

121 4013 171 4049 ειν,
215 3984 286 4048 Οὐδὲ
298 3984 348 4065 γὰρ
361 3982 519 4056 τύλαύητέον
530 3981 567 4060 μὴ
576 3983 789 4061 κενεμύατὼμιν,
800 3983 905 4061 μείζονά
947 3975 1077 4026 serendum
1086 4011 1093 4034 ,
1103 3989 1134 4024 ne
1141 3975 1217 4026 inanis
1227 3977 1343 4026 sitnostra
1349 3976 1497 4040 progressio,
1508 3976 1598 4037 majore
1607 3976 1729 4040 quaedem,

87 4101 108 4136 ι,
121 4101 177 4136 τινα
192 4074 239 4135 και,
262 4071 452 4152 ὑπερραγχντ,
471 4070 516 4138 τὰς
529 4070 634 4152 πρόπας
647 4069 730 4153 ,γῃγς
744 4071 805 4152 π,ργ
821 4075 905 4130 ,γῶν
946 4070 1049 4119 qumque
1060 4057 1137 4120 prima
1148 4057 1263 4120 principia
1275 4055 1403 4116 excedent,
1416 4055 1446 4105 de
1458 4054 1487 4104 iis
1501 4053 1633 4118 cogitando.
1648 4055 1730 4116 Neque

122 4169 273 4230 ἐννοοῦντες.
314 4163 355 4222 Οὐ
369 4159 420 4241 γάρ
434 4157 541 4218 δυνατὸν
557 4138 710 4231 τηλικοῦτον
723 4159 836 4237 πήδημα
850 4185 904 4220 m„
945 4138 1009 4189 enim
1021 4138 1071 4188 deri
1083 4141 1175 4201 potest,
1192 4140 1326 4188 nitentum
1345 4137 1432 4186 saltum
1451 4137 1567 4186 suciamus
1585 4134 1729 4198 cogitatione

123 4255 152 4312 δ.
191 4251 251 4310 ,τὰ
278 4247 360 4321 ⁴in
377 4273 393 4306 α
423 4247 507 4307 ,Μία
559 4251 566 4272 ε
601 4272 639 4307 πα
659 4252 783 4321 ,σωθῆναι
815 4251 831 4268 α
847 4203 905 4308 ,ρέα
946 4218 1730 4285 nostra,utrequemusprimurumprincipiorumdignitatenr,ne

137 4277 188 4380 ’ff‘
235 4275 304 4398 hcm*
322 4341 339 4396 ἀ
356 4272 412 4396 ,ρῶῖ
437 4338 467 4396 οὐ
488 4272 616 4397 λείχοξαγ
634 4270 682 4396 ξπ,
735 4273 831 4395 „mm
848 4293 906 4398 ,ῐγχ
946 4303 1024 4354 dicam
1034 4318 1183 4368 superemus.
1217 4299 1729 4365 UneenimhaecqneeadDeumirtconteu·

122 4367 172 4511 ‘Zp‘
186 4365 259 4501 ῐὲῑτη
277 4360 553 4507 πρὸςθέεὸννάνάταέις
571 4361 781 4508 ἀρίστχὶῑῖἰὼς
798 4383 906 4486 ’δυνατὸν
946 4387 994 4448 tio,
1007 4390 1044 4437 est
1061 4386 1167 4450 optima;
1184 4391 1209 4435 et
1227 4385 1320 4444 omnis,
1333 4386 1448 4447 quantum
1466 4381 1517 4433 iteri
1529 4386 1623 4446 potest,
1641 4381 1729 4431 erroris

98 4521 138 4540 .÷
306 4513 313 4536 ,
357 4505 374 4541 ,,
479 4520 496 4534 ,,
636 4519 652 4533 „
832 4513 839 4536 ,
947 4483 1052 4532 expers:
1067 4474 1107 4530 ut,
1122 4482 1177 4518 curn
1191 4467 1405 4518 eorrimbonorurn
1424 4479 1480 4528 qum
1494 4465 1637 4528 cogitatione
1652 4477 1728 4528 perse·

91 4542 108 4566 '⁰
122 4540 275 4584 “mmm
289 4537 333 4588 ω’
354 4538 390 4574 ων
409 4515 545 4588 {ww
565 4516 682 4594 ἀίαοωνν
704 4514 738 4574 τὰ
758 4537 906 4592 mmm
946 4554 1052 4616 quimus,
1064 4553 1204 4615 gravissima
1214 4558 1238 4603 et
1247 4551 1397 4602 sanctissima
1407 4554 1432 4601 et
1443 4551 1557 4614 primarie
1567 4549 1729 4610 temnendus,

123 4608 166 4666 καί
182 4604 319 4686 “idm“
337 4603 383 4662 *αἰ
398 4601 554 4686 πέωωυθίὰ
579 4602 625 4663 καί
646 4602 762 4681 ὀνόματα
777 4604 822 4662 καί
839 4604 906 4685 πρά·
946 4649 1019 4700 quam
1032 4649 1083 4696 res,
1094 4636 1115 4685 ei
1129 4632 1730 4696 tribuerimus,i11udpersuasissimumiiabeansus,

124 4719 212 4774 tim
232 4694 304 4775 αὐτῷ
324 4691 502 4765 &mmmm
522 4691 616 4750 ῑέδέναῑ
632 4690 757 4772 βέὅαίωςν
771 4691 811 4750 3²⁸
825 4692 906 4770 μηδὲν
946 4719 1005 4768 nibil
1018 4717 1125 4781 nosipso
1142 4716 1239 4778 dignuin
1258 4717 1280 4766 ei
1293 4715 1413 4766 tribuisse.
1447 4715 1493 4766 Sed
1503 4715 1533 4764 ed
1545 4714 1642 4766 reniam
1657 4716 1729 4777 impe·

125 4781 327 4858 ἆναπθείκαμῑν
344 4778 423 4848 ἄξων·
465 4779 551 4862 Ἀρκεῖ
566 4778 593 4838 δέ
606 4785 668 4858 spo
681 4783 717 4848 εἷς
730 4779 904 4859 euppvdpev,
946 4802 1056 4852 trandum
1068 4802 1128 4852 iliud
1140 4802 1209 4852 nobis
1221 4801 1279 4852 satis
1292 4803 1343 4864 est,
1355 4800 1420 4864 quod
1435 4801 1493 4850 nibil
1513 4800 1655 4860 babeamus,
1665 4798 1728 4861 quod

124 4869 152 4930 τὸ
167 4871 249 4949 μηδὲν
263 4868 332 4948 ἔχειν
349 4865 451 4926 ἐκείνοιν
467 4867 614 4949 ὑπέρτερον.
946 4887 1210 4937 isrissjeexoeufflflus,

91 4973 113 5008 ν)
165 4955 324 5023 Ἀνελθύντος
341 4955 425 5014 τοίνυν
443 4960 487 5015 τοῦ
510 4956 588 5035 λόγου
602 4955 655 5016 ἀπὸ
669 4961 714 5016 τοῦ
739 4956 906 5029 αὐτοκινήτου
977 4971 1076 5020 notione
1086 4969 1181 5032 igitura
1198 4983 1240 5034 per
1251 4983 1277 5020 se
1286 4969 1369 5019 inobiti
1381 4968 1411 5018 sd
1423 4967 1545 5018 immobile
1556 4979 1679 5031 progressu
1689 5002 1695 5026 ,
1705 4973 1728 5015 et

126 5047 165 5106 ἐπί
182 5047 212 5106 τὸ
226 5044 348 5117 ἀκίνητον
362 5043 407 5102 καί
425 5042 494 5102 κατέι
508 5043 594 5102 πάντα
614 5044 709 5125 τρίπον
725 5044 906 5122 ἀμετάθλητον
946 5056 975 5106 sd
988 5071 1097 5106 earrsssm
1107 5055 1219 5107 omnibus
1228 5055 1482 5106 modisimmntebiienr
1494 5090 1501 5116 ‚
1513 5066 1624 5117 queeuno
1634 5050 1728 5102 sodeur-

128 5133 216 5208 αἴτιον,
228 5132 274 5193 καί
287 5132 327 5190 ἀεί
340 5131 409 5192 sord
418 5131 451 5190 τίι
464 5131 531 5191 αὖτά
545 5131 590 5189 καὶ
610 5131 735 5200 ὡσαύτως
747 5131 815 5212 ἕχον,
831 5137 864 5214 τῇ
878 5157 906 5191 τι
925 5110 928 5161 Ι
947 5159 993 5208 que
1007 5145 1077 5194 ιιιοιίο
1091 5157 1185 5207 semper
1194 5157 1220 5194 se
1233 5144 1316 5204 trahet,
1329 5146 1379 5192 sam
1393 5143 1508 5202 essentiis,
1523 5153 1595 5204 quam
1604 5139 1694 5188 uiribus
1705 5145 1728 5187 et

126 5222 219 5304 οὐσίᾳ,
243 5221 288 5281 καί
304 5223 361 5287 ταῖς
380 5220 521 5298 δυνάμεσι,
545 5219 589 5279 καί
608 5228 664 5287 ταῖς
685 5220 842 5300 ἐνεργείαις,
861 5217 905 5280 καί
926 5221 928 5250 ²
946 5231 1093 5293 actionibus,
1104 5236 1128 5280 et
1139 5231 1162 5280 Ιιι
1179 5231 1312 5281 aeternitate
1327 5229 1483 5290 coitucetntn,
1494 5231 1654 5291 qrraetompus
1672 5237 1727 5274 ιιιιυ

128 5310 153 5370 ἐν
178 5315 252 5372 αἰῶνι
275 5306 409 5390 ἱδρυμένον
431 5313 468 5392 τῷ
499 5309 542 5368 τὸν
561 5310 651 5390 χρόνον
677 5309 729 5376 τοῖς
750 5307 907 5388 κινουμένοις
926 5285 929 5360 ἰ
947 5318 977 5370 its
986 5331 1041 5382 qun
1051 5320 1179 5367 moventur
1187 5315 1387 5380 predestinatam
1397 5311 1655 5376 cotnptminmiiiurum
1667 5311 1727 5374 prin·

1538 5426 1574 5466 “.’θ.

118 3549 175 3607 κατ’
189 3545 280 3607 οὐσίαν
294 3548 347 3603 τῶν
357 3542 580 3624 καταθεεστέρων.
622 3541 677 3602 Καί
683 3566 701 3687 γ
