3732 5778
78 448 223 525 (ων-Ι
168 469 214 508 aas.

73 607 170 665 περυκυι
174 604 203 638 κν
216 575 296 647 αὐτὴν
311 574 467 634 κακύνεσθαι
483 573 682 650 παραδιδόασιν
727 574 762 634 ti*
753 599 788 633 ιτε
802 579 846 632 οὖν

74 666 298 748 κατὰπροαίρεσιν
319 662 401 734 αὐτην
420 662 547 721 κακύνεσθ
550 686 577 719 αι
597 660 728 738 λέγουσιν·
772 660 845 771 (ὅπερ

74 760 199 818 ακολουθεῖ
209 777 261 820 τοις
280 751 441 830 λέγουσιν,ἰ
443 754 468 832 ρ’
485 755 549 828 ἡμῖν
569 741 675 808 εἰναι
650 773 682 808 το
699 755 805 821 νικῆσαι
816 749 847 808 τδ

73 846 144 907 κακον
155 843 172 916 ἢ
185 843 227 902 ὑπ’
242 843 323 899 αὐτοῦ
338 842 494 910 ἡττηθῆναι,
507 837 553 897 καί
568 835 848 905 meromontem<

52 959 62 994 Ι
74 938 229 995 ἀπαιτεῖσθαι
241 929 285 988 τὸν
301 925 460 1005 ἡττώμενον,
470 927 515 986 καί
528 925 646 1004 ἀμοιόῶν
658 925 793 995 ἀξιοῦσθαι
803 925 848 985 τὀν

72 1023 213 1095 νικησαντα·
226 1023 311 1076 ταῦτα
321 1015 371 1098 γάρ
381 1014 539 1162 λέγοντες,
515 1039 562 1074 ουκ
573 1013 753 1096 ἐριστάνουσιν
766 1012 846 1124 ὅμως,

72 1139 96 1172 ο
99 1139 105 1170 ι
112 1134 208 1176 ουτοις
216 1109 342 1166 αουνατον
351 1105 431 1163 σονα
432 1128 468 1161 ειν
476 1127 505 1162 το
493 1103 610 1172 ἔξωθεν
618 1105 710 1163 ωθεισ
697 1102 848 1184 θαιπρδςτδ

72 1201 141 1260 κακὸν
163 1197 211 1269 τὴν
230 1193 339 1277 ψυχην·)
354 1194 449 1272 ἁπλῶς
463 1194 525 1251 δ’
499 1217 553 1263 ουν,
572 1190 623 1251 εἴτε
638 1190 708 1252 κατίι
723 1191 847 1273 προαίρε-

72 1316 106 1349 σιν
117 1285 195 1358 αὐτὴν
209 1284 370 1344 κακύνεσθαι
381 1281 546 1361 λέγουσιν,
521 1304 573 1340 ειτε
583 1279 674 1348 εςωθιν
685 1281 846 1389 ὦθουριένην,

43 1404 60 1442 ιυ
72 1385 193 1459 περυκυῖα
208 1372 315 1438 πάντως
330 1369 487 1429 κακύνεσθαι
504 1368 654 1428 κακόνεται·
696 1365 766 1427 εἰ
739 1391 830 1476 γαρμ
810 1365 848 1445 μὴ

71 1465 198 1547 ἀπερύκει,
208 1465 257 1521 οὐκ
269 1459 300 1518 διν
309 1457 447 1530 ἐκακύνθη.
490 1461 636 1538 Ἰοιγαροῦν
659 1455 717 1515 0377
730 1455 759 1514 τὸ
774 1459 848 1536 πρῶ-

71 1553 211 1632 τονάγαθδν
233 1548 393 1610 κακόνεσθαι
413 1546 545 1625 λέγουσιν,
566 1544 623 1604 ἐπεὶ
644 1543 711 1622 μηδὲ
734 1543 849 1625 πέροκεν

72 1642 186 1755 3707,v
157 1667 217 1702 ουτε
226 1638 287 1698 rt
269 1643 299 1697 α)
287 1641 338 1697 λλα
351 1635 436 1716 ἀγαθίι
449 1635 484 1694 rt
495 1659 632 1715 προσεχως
645 1637 717 1714 αὐτῷ
727 1632 848 1706 συνόντα,

72 1759 111 1805 την
122 1730 204 1812 Μητέ
198 1754 231 1790 007
242 1753 288 1798 της
298 1730 378 1798 ζωῆς,
390 1729 424 1792 ὡς
433 1725 551 1836 λέγουσι,
561 1722 641 1781 καί
618 1745 662 1781 τον
675 1719 850 1801 Δημιουργδν,

44 1843 61 1879 u
72 1825 110 1882 καί
119 1847 175 1888 τους
188 1823 243 1878 ἐκει
232 1819 367 1882 ’.Αἰῶνας
407 1811 494 1873 Ὥστε
507 1837 553 1872 και
543 1803 637 1871 οὗτοι
648 1818 794 1892 περυκυῖαν
807 1833 851 1868 κα-

71 1911 153 1968 κύνεσθ
155 1933 182 1967 αι
195 1930 246 1976 την
262 1902 334 1986 ψυγλ
336 1927 349 1958 ν
317 1901 419 1974 λῦτο
432 1924 478 1958 του
461 1905 549 1959 ”0703
566 1897 743 1980 παράγοντες,
759 1895 842 1956 διδι
817 1920 849 1955 7o

73 2021 104 2074 μη
94 1995 199 2068 κακὴν
217 1983 285 2052 εἰναι
300 1990 348 2061 τὴν
362 1987 485 2060 τοιαύτην
504 1987 604 2058 οὐσίαν,
620 1986 710 2046 ἀλλ”
695 2011 746 2068 αγοι
749 1983 846 2059 θ’ὴν,
821 2011 850 2046 ου

72 2085 180 2164 λέγουσιν
195 2081 279 2142 αἴτιον
292 2085 338 2138 τοῦ
353 2084 436 2137 κακοῦ
446 2077 490 2136 τδν
506 2076 561 2136 θεὸν
576 2067 652 2138 ε.’ίναι

107 2173 182 2235 'titt
191 2171 255 2252 περὶ
263 2168 310 2248 μὲν
323 2173 369 2239 τῆς
378 2171 430 2227 τῶν
444 2169 533 2225 κακῶν
545 2166 713 2232 ὑποστάσεως
738 2165 851 2246 ἀρκείτω

44 2283 62 2317 7·
72 2263 101 2321 ri
112 2259 237 2345 εἰρημένα
253 2257 317 2340 πρὸς
334 2254 364 2314 τθ
377 2255 470 2336 παρόν.
511 2253 610 2315 Λοιπὸν
632 2251 660 2312 δὲ
673 2251 724 2334 χρὴ
743 2251 791 2325 τὴν
805 2259 851 2312 τοῦ

73 2349 227 2420 Ἐπικτήτου
251 2352 325 2430 ῥῆσιν
351 2341 621 2425 ἐπισκέψασθαι,καί
645 2343 719 2414 ἰδεῖν,
734 2340 805 2409 ὅπως
819 2341 853 2401 vt

74 2437 110 2496 διὰ
123 2436 251 2496 τοσούτων
265 2430 389 2516 εἰρημένα
403 2431 519 2513 περὶτοῦ
533 2437 615 2489 κακοῦ
640 2429 672 2488 δι’
682 2427 776 2508 ὀλίγων
786 2433 850 2504 ἡμῖν

73 2527 141 2593 αὐτὸς
153 2521 296 2585 συλλαὸδνν
309 2519 468 2588 ἐπεδείξατο.
510 2523 567 2591 Τῆς
581 2515 632 2599 γάρ
643 2521 695 2576 τῶν
706 2522 776 2589 ἠθῶν
791 2520 853 2576 εὐα-

73 2614 160 2694 γωγίας
172 2611 234 2693 περί
245 2610 293 2682 τὴν
309 2607 408 2685 αἰρεσιν
419 2613 466 2666 τοῦ
476 2610 574 2714 ἀγαθοῦ
589 2606 634 2665 καί
648 2606 696 2678 τὴν
710 2605 793 2687 ρυγὴν
806 2613 852 2665 τοῦ

43 2709 145 2762 2577703
162 2699 383 2778 καταγινομένης,
398 2698 540 2774 ἀναγκαῖον
556 2687 587 2768 ἦν
600 2693 726 2763 ἐπιδεῖξαι
738 2693 833 2767 τὴν’
801 2719 853 2776 ρυ-

74 2816 108 2851 σιν
121 2798 164 2851 τοῦ
176 2795 262 2850 κακοῦ
274 2789 438 2868 καινοπρεπῆ
452 2807 510 2842 τινα
526 2775 617 2845 οὖσαν.
663 2783 765 2844 Καί’
730 2807 782 2864 γαρ
768 2783 852 2864 ρέστί

73 2903 136 2986 γτως,
152 2877 245 2938 xori'
219 2898 268 2936 ουκ
292 2873 356 2934 ἔστι·
406 2870 604 2953 παροπόστασις
630 2861 710 2946 οῦσα,
734 2870 829 2929 καί’
803 2894 853 2950 077

73 2967 218 3034 ὑπόστασις.
261 2963 309 3023 Διδ
320 2961 365 3022 καί
375 2959 498 3044 φευκτὴ
482 2959 543 3020 τέελ
530 2985 586 3033 ως,
599 2959 638 3018 ότι
652 2957 852 3039 προηγουμένην

74 3057 209 3116 ὑπόστασιν
224 3056 271 3114 οὐκ
285 3053 350 3132 ἔχει.
393 3049 447 3111 Καὶ
461 3049 505 3109 διὰ
516 3056 592 3109 τοῦτο
605 3047 664 3108 οῦδὲ
677 3048 733 3108 ἔστι
745 3050 796 3109 uu
808 3053 852 3108 αἰ-

42 3164 63 3200 m
75 3145 138 3225 ρετὴ,
148 3169 194 3204 και
183 3141 290 3203 ὀὐδενί
301 3144 356 3200 ἐστι
365 3137 461 3206 σκοπός
471 3163 509 3197 τω
520 3145 645 3214 70703777.
690 3136 782 3198 Καὶ
753 3161 844 3246 γαρ
815 3143 853 3197 τῶ

75 3233 196 3314 οἰκοδόμον
206 3235 245 3310 τῶ
255 3227 339 3289 οἰκίαν
349 3199 528 3306 οἰκοδομοῦντι
555 3225 650 3294 σκοπός
658 3229 714 3285 ἐστι
723 3249 769 3285 και
758 3201 853 3293 ’τελός

74 3322 185 3398 ἡοίκία,
197 3323 222 3380 δι
223 3319 276 3391 ἣν
288 3319 360 3377 οἰκο
361 3318 428 3394 ομεῖ·
470 3341 515 3375 και
505 3313 835 3398 τωτκτονιὴθυρα
821 3315 853 3373 ου’

74 3434 102 3481 ην
115 3409 251 3469 τεκταίνει·
281 3406 354 3466 οὖδεν
367 3375 395 3464 δί
407 3412 452 3465 τοῦ
466 3429 548 3466 κακον
531 3403 639 3464 ”tvm
651 3404 853 3464 ποιεῖται.Καί

75 3498 138 3556 ἔστιν
153 3503 166 3557 ό
181 3502 227 3556 τοῦ
240 3492 399 3566 Ἐπικτήτου
416 3491 588 3571 συλλογισμός
614 3493 640 3550 ἐν
657 3496 751 3572 βραχεῖ
764 3497 853 3551 τοιοῦ-

45 3605 119 3653 ιντος·
158 3584 290 3648 Τδκακδν
313 3581 461 3690 ἀποτυγ-ία
457 3587 555 3641 σκοποῦ
564 3583 629 3641 ἐστι.
672 3581 853 3664 Τδπροηγου-

75 3675 150 3750 μένοις
165 3672 281 3740 κατθι’
248 3696 324 3756 φυσιν
340 3667 412 3730 έν”
379 3697 415 3754 τῳ
429 3669 522 3753 κόσμῳ
533 3669 667 3780 γινόμενρν
693 3668 789 3738 σκοπός
800 3673 854 3729 ἐστι

75 3789 107 3822 τω
120 3771 244 3824 ποιοῦντι·
286 3785 331 3821 και
321 3731 431 3833 ’τελός,
446 3764 462 3831 ἡ
482 3758 605 3839 trum-760
620 3760 708 3818 αὐτοῦ·
734 3782 779 3817 και
769 3757 854 3818 όταν

75 3855 175 3928 γένηται
186 3849 334 3931 ,τυγράνει
351 3855 396 3908 τοῦ
416 3852 554 3908 σκοποῦό
574 3851 665 3908 ποιῶν.
710 3839 793 3908 Εἰ
762 3871 806 3906 ουν
826 3849 855 3907 τὸ

76 3939 282 4022 προηγουμένως·
280 3937 399 3996 ·κατδι’
367 3940 470 4019 ρυσινέ
472 3963 484 3995 7
499 3941 536 3996 τῶ
551 3935 643 4018 κόσμον
657 3935 793 4015 γινόμενον
807 3939 854 3996 οὐκ

46 4050 64 4086 ru
77 4029 140 4088 ἔστιν
153 4027 285 4108 ἀποτυχία
297 4032 410 4098 σκοποῦ,
426 4024 616 4106 (ἐπιτυχίαγάρ
627 3999 705 4101 totu)
721 4024 751 4083 τὸ
766 4025 793 4082 δὲ
803 4048 855 4083 κα-

76 4118 115 4176 κον
132 4116 264 4196 ἀποτυχία
284 4119 382 4174 σκοποῦ
399 4116 462 4172 ἐστι·
504 4113 592 4184 δῆλον,
614 4109 653 4170 ὅτι
667 4113 713 4171 καί
731 4111 761 4174 τῦ
776 4112 856 4174 κακὸν

77 4210 102 4264 οὐ
116 4207 214 4285 γίνεται
225 4203 426 4285 προηγουμένως
445 4205 471 4262 ἐν
489 4205 526 4283 τῷ
544 4200 647 4283 κόσμῳ·
691 4199 744 4261 Καὶ
756 4199 795 4259 ότι
809 4200 856 4279 μὲν

77 4299 203 4375 εἰποτυχία
215 4300 313 4354 σκοποῦ
328 4295 383 4350 ἐστι
397 4291 426 4348 τὸ
438 4291 527 4362 κακόν,
539 4293 616 4362 δῆλον
631 4295 660 4349 ἐκ
671 4296 721 4348 τῶν
735 4291 795 4372 περὶ
806 4293 849 4348 αὐ·

75 4388 116 4442 τοῦ
128 4382 264 4465 ῥηθέντων.
287 4379 393 4441 Σκοπὸν
402 4377 453 4458 γάρ
463 4399 503 4444 τις
514 4375 632 4454 θέμενος,
642 4381 677 4445 ὡς
687 4378 792 4456 ἀγαθὸν,
802 4377 850 4452 τὴν

46 4490 66 4529 ts
78 4468 177 4541 ἡδονὴν,
187 4465 283 4535 τοξεύει
290 4465 330 4523 ἐπ’
341 4463 432 4537 αὐτὴν,
437 4467 472 4529 ὡς
482 4463 525 4522 ἐπί
535 4463 642 4543 ἀγαθόν.
683 4464 741 4536 ἤτοι
752 4463 857 4546 ἐπιτρέ-

78 4577 116 4634 Ι[ἐι
130 4557 197 4636 αὐτῇ
213 4553 303 4634 βέλους
314 4551 467 4634 ταχύτερον,
481 4555 514 4631 τῇ
533 4575 562 4630 γε
577 4551 716 4634 ραντασίογ·
758 4553 803 4611 καί
820 4552 857 4631 μὴ

80 4641 204 4725 ἐπιτυχὼν
220 4645 335 4721 ἀγαθοῦ,
351 4640 419 4700 ἀλλδι
433 4639 604 4722 παραλλάξας
618 4641 697 4717 αὐτὸ,
713 4640 759 4700 καί
770 4665 858 4723 παρα-

80 4733 181 4812 τραπείς
195 4731 235 4791 ἐπ’
247 4733 343 4809 αὐτοῦ,
357 4731 435 4801 δῆλον
450 4729 489 4787 ότι
499 4728 676 4809 ἀποτυγγάνει
685 4735 730 4788 τοῦ
746 4736 857 4805 σκοποῦ,

81 4819 255 4900 κακυνόμενος.
296 4815 361 4881 Ὅτι
377 4817 404 4878 δὲ
416 4816 449 4877 rt
459 4816 660 4898 προηγουμένοις
675 4820 701 4876 ἐν
714 4823 752 4901 τῷ
767 4818 858 4902 κόσμῳ

49 4909 198 4986 ωγινόμενα
213 4908 309 4977 σκοπὸς
329 4907 428 4987 γίνεται
449 4913 495 4966 τοῦ
516 4913 665 4981 ποιοῦντος,
686 4906 732 4966 καί
756 4907 856 4980 τέλοςὴ

83 4999 198 5079 ἐπιτυχία
210 5001 306 5072 αὐτῶν,
321 4999 399 5072 δῆλον
412 4996 438 5067 ἐξ
452 4987 487 5055 37
503 4987 574 5054 εἶπον
586 4996 646 5105 περὶ
662 5002 706 5055 τοῦ
722 4995 858 5074 οἰκοδόμου

83 5087 124 5146 καὶ
138 5093 180 5147 τοῦ
191 5087 319 5198 ,τέκτονος
361 5083 520 5166 Πᾶνγδιρ
497 5109 527 5144 το
548 5089 681 5163 γινόμενον
700 5107 796 5152 σκοπος
813 5092 858 5147 073

84 5175 209 5246 ποιοῦντός
223 5180 302 5251 ἔστιν,
317 5178 353 5243 εἰς
371 5174 398 5234 ὃν
418 5171 626 5246 ἀποόλέπων,’
608 5197 697 5255 ωσπερ
720 5173 798 5252 βέλη,
814 5173 860 5241 τίις

86 5269 192 5326 {rimor
181 5291 220 5326 ενε
223 5265 328 5348 γείας
317 5287 425 5326 εκτεινει
439 5263 480 5322 επ’
494 5260 580 5322 αὐτόν·
619 5261 721 5321 καίτελ
724 5263 803 5342 0:7⁴7:
794 5288 815 5318 ι
830 5285 859 5320 το

168 5409 303 5447 .·.t’ttt.t..

566 445 608 504 ΙΝ
632 443 856 504 ENCtttuttr
876 443 959 504 071³.
983 443 1104 504 xxvtt.

1427 443 1593 520 (rar-rso.)
1637 453 1671 505 st

891 595 945 632 esse
965 582 1106 646 perhibent,
1123 581 1165 645 qui
1181 582 1260 631 matus
1277 581 1327 632 sieri
1340 580 1425 644 possit
1458 581 1546 645 Atqui,
1558 581 1681 632 streeum

892 684 936 720 sue
947 670 1046 720 arbitrio
1056 670 1147 719 matum
1157 668 1208 720 sieri
1218 669 1315 721 dicant:
1334 670 1409 733 (qqed
1426 669 1509 721 dicere
1524 684 1567 722 eos
1583 683 1682 722 necesso

892 762 943 820 est,
955 759 996 822 qui
1009 759 1033 808 in
1045 758 1115 808 nobis
1127 758 1200 808 situm
1212 772 1266 808 esse
1278 759 1404 820 fateantur,
1416 762 1458 808 aut
1470 757 1567 809 vincere
1578 759 1682 820 matum,
1753 767 1757 774 ·

891 851 934 898 aut
947 848 979 898 ab
994 861 1023 897 eo
1039 847 1117 908 vinei,
1133 851 1306 911 proptereaque
1322 848 1347 896 et
1363 847 1455 898 vietum
1471 848 1549 912 poeuis
1564 851 1589 899 et
1605 849 1682 899 ricto·

892 951 943 986 rem
953 937 1058 998 praemiis
1070 935 1140 985 adiret
1152 950 1222 999 :qure
1230 949 1287 986 cum
1296 936 1393 996 dicunt,
1403 950 1450 986 non
1461 936 1615 1001 expendunt,
1625 951 1682 989 cum

893 1027 930 1075 hio
946 1029 1069 1075 externam
1086 1025 1160 1074 auimi
1176 1024 1205 1074 ad
1217 1025 1308 1074 malum
1320 1025 1491 1088 impulsionem
1502 1027 1622 1077 miserere
1631 1041 1680 1077 non

897 1126 968 1176 posse
984 1113 1002 1175 :)
1015 1114 1113 1162 omniuo
1126 1113 1205 1174 igitur,
1218 1113 1270 1162 sire
1288 1127 1332 1164 suo
1345 1113 1443 1164 arbitrio
1458 1116 1561 1178 perverti
1574 1116 1683 1166 animum

893 1201 987 1262 dicant,
998 1202 1050 1251 sire
1060 1206 1158 1251 externa
1172 1202 1330 1264 impulsione;
1340 1216 1370 1252 eo
1384 1203 1468 1266 utique
1479 1204 1558 1254 matus
1570 1204 1611 1268 ΙΙΙ,
1625 1204 1683 1268 quia

893 1288 928 1338 sie
937 1294 1021 1338 natura
1030 1289 1082 1350 ejus
1092 1289 1195 1350 terebat,
1208 1292 1235 1338 ut
1245 1289 1323 1339 malus
1335 1289 1383 1340 tieri
1399 1293 1490 1354 posset.
1524 1291 1597 1350 Quod
1610 1293 1634 1342 ni
1650 1291 1683 1342 ita

894 1375 1269 1438 tuissetmournatuserastsset.
1288 1371 1438 1442 Quapropter
1448 1385 1471 1429 et
1479 1381 1584 1442 prirmuu
1593 1380 1684 1431 bonum

894 1478 942 1514 nou
950 1465 1076 1528 depravari
1084 1465 1183 1530 dicunt,
1196 1467 1261 1530 quod
1274 1466 1299 1516 id
1311 1468 1363 1530 ejus
1371 1473 1457 1517 natura
1463 1481 1562 1532 prorsus
1572 1470 1683 1532 respuam

895 1567 973 1618 neque
995 1559 1082 1604 caetera
1101 1555 1235 1605 benacum
1258 1557 1299 1606 itlo
1321 1557 1430 1620 proxime
1446 1558 1591 1620 conjuncta,
1610 1565 1637 1608 ut
1654 1571 1684 1608 ea

894 1657 968 1706 quam
976 1646 1078 1693 Matrem
1088 1645 1144 1694 vitas
1153 1647 1253 1705 vocant,
1263 1651 1288 1695 et
1295 1646 1451 1707 Demiurgum
1459 1683 1467 1708 ,
1474 1651 1499 1697 et
1506 1647 1547 1710 qui
1558 1647 1622 1711 apud
1631 1648 1686 1698 ittos

894 1733 1116 1782 AEouesrocautur.
1150 1733 1314 1792 Quamobrem
1323 1735 1438 1798 etiamtri,
1448 1736 1489 1798 qui
1498 1735 1686 1788 auiruuruaDeo

896 1820 968 1870 tatem
983 1834 1037 1871 esse
1049 1821 1175 1872 eonditum
1191 1822 1336 1886 pertribeut,
1353 1827 1379 1873 ut
1396 1824 1499 1887 perverti
1519 1827 1614 1888 posset;
1630 1825 1685 1888 quia

896 1908 950 1958 tatis
966 1913 1051 1958 nature
1061 1923 1108 1958 nou
1119 1909 1197 1972 mals,
1215 1910 1259 1960 sed
1275 1911 1338 1960 bcuu
1354 1911 1399 1974 sit;
1412 1925 1462 1962 uou
1478 1911 1563 1962 dicuut
1578 1913 1636 1963 maii
1646 1926 1687 1963 au·

895 2003 985 2048 ctorem
996 2002 1075 2048 Deum
1086 2011 1146 2048 csse.

927 2194 974 2246 Sed
983 2196 1036 2245 traec
1045 2195 1161 2246 hacteuus
1180 2195 1211 2245 de
1220 2197 1306 2246 ustura
1313 2200 1337 2247 et
1344 2199 1397 2246 ertu
1409 2197 1535 2247 matorum.
1553 2197 1683 2261 ttetiquuru

896 2299 933 2348 est
945 2303 972 2347 ut
982 2299 1081 2362 Epicteti
1094 2299 1167 2349 rerba
1178 2299 1370 2360 consideremus,
1381 2308 1405 2350 et
1416 2301 1556 2363 rideamus,
1569 2301 1686 2364 quemad·

897 2401 997 2450 modum
1015 2400 1036 2450 is
1056 2415 1084 2452 ea
1104 2415 1160 2464 quar.
1181 2415 1225 2451 uos
1249 2403 1301 2452 tuse
1321 2404 1440 2466 persecuti
1458 2417 1557 2467 sumus,
1574 2405 1688 2458 brevibus

898 2501 1040 2566 complexus
1053 2503 1122 2552 uobis
1131 2503 1270 2554 ostenderit.
1303 2507 1366 2555 curu
1379 2505 1445 2554 uuiur
1457 2505 1582 2570 disciptiua
1592 2521 1687 2558 urorum

897 2603 920 2652 ia
933 2605 1107 2667 amplectendis
1114 2605 1183 2656 bouis
1192 2611 1216 2656 et
1226 2605 1375 2656 dectiuaudis
1384 2607 1455 2657 ruatis
1463 2609 1581 2670 versetur,
1590 2623 1689 2660 amasse

897 2702 943 2754 tuit
951 2704 1077 2755 ostendere
1090 2705 1224 2756 mirabilem
1233 2705 1362 2770 quarrutaur
1374 2707 1430 2757 litati
1438 2713 1558 2758 naturam.
1591 2712 1652 2759 Natu
1664 2715 1689 2760 et

897 2808 934 2855 est
948 2805 1054 2870 quodam
1071 2807 1157 2868 ruodo,
1168 2812 1192 2858 et
1208 2822 1256 2858 uuu
1269 2812 1319 2871 est;
1333 2823 1390 2860 curu
1407 2811 1514 2861 accessio
1530 2811 1643 2875 quaedaur
1655 2813 1687 2863 rei

897 2905 943 2966 sit,
967 2920 1015 2956 non
1027 2907 1080 2970 ipsa
1096 2921 1135 2957 res
1153 2923 1159 2956 :
1177 2922 1253 2972 caque
1269 2908 1299 2959 de
1310 2923 1396 2960 caussa
1407 2925 1505 2974 prorsus
1517 2912 1628 2976 tugieuda
1638 2921 1688 2975 cst,

897 3008 963 3070 quod
978 3008 1134 3072 principalem
1150 3013 1280 3061 essentiam
1297 3025 1344 3062 uou
1362 3013 1435 3063 trubct
1453 3028 1459 3063 :
1481 3021 1656 3079 proptereaque
1675 3032 1689 3065 a

897 3111 993 3161 nemine
1008 3113 1135 3175 expetitur,
1153 3126 1197 3162 uec
1214 3113 1286 3164 ultius
1301 3115 1404 3165 actionis
1417 3114 1473 3165 tiuis
1485 3120 1529 3166 aut
1540 3130 1632 3180 scopus
1641 3122 1687 3170 est.

898 3216 958 3262 Nara
970 3212 1072 3276 ejusqui
1082 3213 1182 3264 doururu
1192 3216 1323 3277 construit,
1336 3230 1426 3280 scopus
1435 3220 1460 3267 et
1471 3217 1525 3266 tiuis
1534 3224 1571 3268 est
1582 3219 1687 3278 deuius,

897 3314 929 3364 ob
939 3328 1011 3377 quam
1025 3314 1141 3376 aeditimt;
1158 3318 1183 3366 et
1196 3315 1264 3366 tauro
1279 3318 1368 3380 jamra,
1381 3321 1564 3383 propterquam
1578 3320 1687 3371 fabricat.

898 3418 954 3466 litati
964 3419 1045 3468 autem
1056 3433 1139 3468 caussa
1165 3419 1223 3468 ιιΙΙιΙΙ
1235 3421 1333 3481 geritur.
1368 3425 1411 3471 Est
1421 3422 1492 3485 igitur
1503 3421 1607 3486 Epicteti
1621 3424 1689 3474 ratio·

899 3519 987 3569 curatio
998 3519 1104 3570 breviter·
1115 3519 1253 3581 hujusmodi
1267 3535 1273 3568 :
1286 3522 1376 3571 tttatuur
1399 3522 1517 3573 aberratio
1527 3537 1542 3572 a
1551 3538 1625 3588 scope
1639 3531 1685 3576 est.

899 3619 1022 3684 Quidquid
1033 3635 1062 3670 ex
1072 3622 1193 3685 preposito
1204 3621 1340 3671 sccunduur
1350 3627 1460 3673 uaturum
1477 3625 1499 3673 iu
1511 3624 1603 3674 uruude
1614 3626 1654 3685 dt,
1666 3625 1689 3674 id

899 3736 986 3786 scopus
995 3727 1033 3772 cst
1042 3724 1095 3786 ejus
1104 3725 1145 3787 qui
1155 3725 1223 3773 tecit:
1234 3729 1258 3774 et
1267 3723 1321 3774 fluis
1329 3761 1335 3786 ,
1344 3725 1408 3775 ittius
1417 3725 1521 3789 adeptio.
1555 3726 1625 3786 Quod
1634 3740 1689 3776 curu

900 3823 926 3872 ΙιΙ
935 3825 1046 3887 ,attingit
1058 3839 1157 3888 scopum
1168 3825 1188 3874 is
1204 3826 1244 3888 qui
1260 3825 1323 3875 tacit.
1357 3827 1380 3876 Si
1392 3826 1463 3889 igitur
1473 3826 1510 3889 id,
1524 3827 1587 3889 quod
1598 3839 1627 3876 ex
1640 3842 1691 3890 pro·
1708 3841 1709 3844 ’

901 3927 978 3988 posita
986 3928 1078 3976 ratiuue
1087 3927 1220 3976 sccuudruu
1231 3929 1340 3977 natur-aur
1351 3927 1373 3976 iu
1383 3926 1474 3976 ruuudo
1482 3927 1515 3986 tit,
1526 3940 1573 3976 uou
1581 3926 1689 3978 estaber-

902 4028 960 4078 ratio
970 4043 984 4077 a
996 4043 1082 4092 scepo;
1092 4030 1155 4091 (uam
1175 4029 1272 4092 adeptio
1286 4029 1366 4092 potius
1385 4033 1422 4078 est
1435 4027 1453 4090 :)
1476 4027 1567 4078 rnatum
1586 4041 1643 4080 vero
1653 4032 1692 4080 est

901 4126 1019 4177 aberratio
1029 4142 1042 4176 a
1052 4141 1125 4191 scopo
1139 4142 1145 4176 :
1162 4128 1253 4177 mulum
1264 4141 1292 4177 ex
1311 4129 1433 4192 proposita
1446 4128 1538 4179 ratione
1557 4128 1580 4177 iu
1598 4129 1691 4179 nutudu

901 4225 1119 4275 nuntior-icoustat.
1153 4226 1691 4294 tttaturuauteuresseaborrutiouemasoopo,

902 4336 930 4372 ex
943 4323 986 4384 iis,
997 4337 1052 4386 quac
1064 4323 1094 4372 de
1105 4338 1134 4372 uo
1150 4323 1272 4385 diximus,
1290 4323 1381 4378 ciarum
1391 4330 1437 4374 est.
1470 4328 1532 4376 Nam
1550 4326 1571 4375 si
1582 4327 1638 4391 quis
1647 4327 1691 4378 situ

902 4419 1051 4483 uoluptatem
1059 4422 1182 4483 tamquam
1193 4433 1293 4484 scopruu
1304 4424 1328 4471 ct
1340 4421 1430 4472 bouum
1441 4425 1579 4487 proposuit;
1592 4426 1692 4488 sagittas

902 4530 931 4565 eo
940 4517 1065 4578 collineari,
1078 4521 1200 4581 tamquam
1217 4517 1247 4567 ad
1259 4519 1364 4581 bonruu;
1375 4521 1498 4572 autetiam
1515 4522 1603 4586 sagitta
1620 4522 1692 4573 ocius

902 4611 932 4660 ad
948 4625 1014 4673 eaur,
1031 4613 1104 4663 auimi
1121 4617 1185 4664 certe
1201 4615 1300 4678 quidem
1313 4616 1469 4679 imputsioue,
1487 4617 1572 4666 sertor.
1608 4617 1657 4676 Qui
1671 4617 1692 4667 si

903 4711 965 4760 burro
981 4711 1071 4773 potitus
1088 4726 1136 4760 nou
1155 4712 1239 4772 suerit,
1256 4713 1298 4762 sed
1315 4714 1345 4762 ab
1361 4728 1390 4763 eo
1406 4713 1534 4763 frustratus
1554 4713 1686 4776 aberrarit,

904 4809 1092 4871 utiquescopuru
1105 4823 1151 4858 uon
1163 4810 1271 4872 attingit,
1281 4813 1306 4861 et
1316 4811 1338 4860 iu
1347 4813 1437 4861 matum
1445 4811 1537 4861 incidit.
1571 4817 1605 4863 Ea
1618 4826 1690 4876 perro

903 4901 1084 4963 qureiumuudo
1094 4916 1123 4952 ex
1136 4903 1439 4967 propositosrunt,scopuru
1449 4905 1560 4966 esseejus
1572 4905 1612 4967 qui
1621 4903 1692 4965 iacit,

903 4996 927 5040 et
937 4993 1018 5054 finem,
1028 5008 1168 5044 eoruruesse
1177 4996 1374 5059 adeptionem,ex
1383 4997 1412 5045 iis
1421 5000 1523 5057 cunstat,
1533 4995 1625 5060 quaede
1634 4996 1692 5046 rudi·

905 5086 1000 5138 ticatore
1010 5088 1073 5148 utu,
1081 5093 1105 5138 et
1113 5088 1143 5138 dc
1154 5089 1230 5138 fabro.
1247 5089 1275 5139 td
1285 5103 1349 5140 emur
1356 5103 1428 5140 omne
1439 5089 1529 5153 quotu
1533 5093 1542 5139 Ι
1544 5095 1691 5153 ,scopusest

879 5183 955 5270 ejus
971 5183 1012 5247 qui
1030 5185 1064 5233 Ιυι·
1068 5184 1109 5236 ΙΙΙ
1124 5198 1196 5246 quem
1206 5184 1314 5243 iuturus,
1326 5185 1451 5247 tamquam
1467 5184 1581 5246 sagittas,
1593 5183 1625 5233 ita
1635 5197 1692 5233 suas

879 5231 1073 5318 ΙΙΙΙΙΙΙΙΙΙΙΙ
1060 5289 1117 5326 eum
1133 5276 1228 5338 dirigit,
1247 5290 1351 5340 eumque
1366 5276 1411 5326 sibi
1430 5275 1502 5326 tinem
1520 5281 1633 5341 proponit
1639 5311 1648 5340 ,
1664 5280 1692 5328 ut

1563 5399 1589 5434 ’.Ἰν
