3730 5776
71 395 238 515 γει-ιο.)
539 427 581 488 ru
602 427 798 491 asumma.
820 427 904 492 aar.
925 427 1142 492 xvraxuru.
1419 408 1604 516 ‘pe-‚mi
1625 410 1684 501 'ss

76 560 99 618 δὲ
113 563 195 640 σκηνῇ
209 558 257 618 τὸν
270 559 325 641 βίον
337 558 482 628 ἀπεικάζει·
503 558 550 618 καὶ
561 557 698 642 δράματος
712 559 855 644 ὑποκριτάς
899 571 1004 622 similem
1013 571 1091 622 uitam
1099 571 1156 622 tacit
1166 575 1205 623 ret
1214 583 1266 635 eoa,
1275 571 1350 637 quiin
1361 585 1390 624 ea
1403 580 1538 641 versantur,
1546 576 1688 640 utsabutoe

74 655 128 724 τοῦς
139 657 166 714 ἐν
177 655 253 736 αὑτῷ
261 649 484 730 πολιτευομένους,
495 649 540 710 καλ
547 649 661 732 χορηγὸν
669 656 716 710 τοῦ
726 650 858 732 δράματος
898 663 1012 718 sameas,
1024 665 1105 712 Deum
1112 663 1204 714 seruat
1214 662 1348 726 choragum
1357 668 1381 714 et
1388 667 1547 728 mapistrum
1555 665 1686 719 describit:

75 747 115 804 καὶ
128 744 290 804 διδάσκαλον
301 741 346 802 τὀν
360 741 417 801 θεὸν
433 739 586 822 ὑπογράφει·
601 743 640 800 ὅτι
655 740 686 800 τὸ
698 741 745 819 μὲν
766 740 857 800 istrie
898 750 964 814 quod
975 763 1028 800 earn
1040 765 1167 815 personam
1174 788 1181 815 ‚
1195 767 1251 816 qum
1263 752 1414 816 adsignetur,
1425 755 1464 805 rei
1476 754 1584 820 abripere
1600 757 1639 808 ret
1651 771 1686 810 re·

74 832 166 914 καὶμὴ
182 832 280 894 intere
300 831 331 892 τὸ
354 829 547 909 άπανεμόμινον
573 832 620 890 οὑκ
635 829 704 890 ἔστιν
725 832 764 910 ἐφ’
782 834 857 909 ἡμῖν.
899 839 1006 904 pudiare,
1015 853 1063 890 nou
1073 842 1105 891 sit
1114 845 1234 892 nostrum.
1267 843 1371 893 omniuo
1380 843 1445 894 enim
1452 857 1550 895 neeesse
1558 846 1597 896 est
1611 845 1688 897 muita

53 924 181 1004 ιἈνάγκη
188 922 243 1006 γὰρ
249 920 449 990 πάντωςλαῦεῖν
457 911 647 981 οἶαπολλθτῶν
657 920 709 980 άπὸ
716 925 762 994 τῆς
768 923 860 1001 εἱμαρ
899 929 1005 994 accipere
1019 929 1099 995 qualia
1110 944 1125 981 a
1136 931 1184 982 tato
1194 931 1265 982 nobis
1275 931 1365 983 tributa
1376 937 1441 982 sunt.
1474 934 1526 984 Etsi
1535 934 1600 984 enim
1614 948 1689 999 pense

74 1016 148 1095 μένης
159 1013 226 1074 ἐστί.
250 1012 311 1076 Κᾶν
321 1011 372 1092 γδιρ
386 1013 497 1072 πλοῦτον
512 1009 551 1093 ἐφ’
563 1013 627 1089 ἡμῖν
642 1011 698 1070 ἐστι
710 1007 748 1089 μὴ
758 1009 859 1082 λαάεῖν,
900 1033 944 1070 nos
954 1025 1005 1083 est,
1019 1021 1142 1085 aspernari
1152 1020 1265 1084 divitiss3
1282 1025 1447 1087 paupertatem
1459 1024 1554 1086 umen,
1566 1025 1609 1075 sut
1624 1038 1687 1076 mor·

74 1104 137 1164 ἀλλὰ
149 1103 247 1164 πενίαν
256 1105 285 1162 οὑ
293 1101 398 1168 πάντως
406 1101 445 1182 ἐφ’
455 1104 519 1180 ἡμῖν
527 1101 597 1158 ἐστιν
606 1097 859 1174 ἐκκλῖναι,ἢνόσυν.
900 1108 1238 1173 bum,ritare,uonomniuo
1251 1125 1382 1176 penesnos
1395 1115 1441 1163 est.
1474 1115 1536 1164 item
1550 1113 1689 1178 iioetpeues

74 1191 128 1256 itit
140 1195 172 1254 τὸ
182 1192 325 1260 δεσπόταις
340 1189 378 1270 μὴ
393 1179 485 1260 εἶναιῆ
503 1187 627 1270 ἄρχουσιν
651 1189 691 1270 ἐφ’
705 1193 769 1267 ἡμῖν
781 1191 859 1249 ἐστιν·
901 1211 946 1248 uos
955 1197 1057 1261 sit,non
1069 1211 1122 1250 esse
1134 1196 1245 1250 dominos
1258 1201 1302 1252 sut
1315 1201 1484 1265 magistratum
1496 1207 1537 1265 st,
1549 1217 1598 1267 quo
1608 1203 1690 1254 minus

73 1285 137 1346 άλλδι
148 1283 180 1344 τδ
192 1283 233 1362 μὴ
249 1283 388 1341 δουλεῦσαι
402 1278 420 1352 ἢ
436 1282 565 1360 άρχθῆναι
591 1279 638 1337 οὑκ
652 1277 722 1338 ἔστιν
734 1278 773 1361 ἐφ’
787 1282 861 1356 ἡμῖν,
901 1289 1036 1338 serviamus
1048 1293 1091 1338 aut
1107 1289 1154 1340 sub
1168 1290 1269 1341 atterius
1283 1290 1384 1355 imperio
1396 1292 1485 1357 simus,
1501 1307 1549 1342 nou
1564 1295 1601 1344 est
1612 1295 1691 1344 nostri

43 1394 62 1434 ta
73 1375 116 1438 ab
128 1375 171 1436 ἐπὶ
183 1371 287 1434 τοὺτεσν
300 1375 318 1443 ἡ
331 1369 425 1452 χρῆσίς
436 1371 506 1428 ἐστιν
520 1367 560 1449 ἐφ’
573 1371 646 1446 ἡμῖν.
689 1367 862 1446 Καλτδάγα-
901 1375 1003 1426 arbitrii.
1036 1381 1116 1437 Quare
1138 1379 1164 1429 in
1179 1379 1218 1430 bis
1254 1381 1332 1431 nostri
1347 1381 1441 1432 arbitrii
1463 1384 1501 1432 est
1520 1381 1559 1432 ris
1579 1382 1691 1446 ratioque

72 1465 112 1526 θῦν
120 1467 199 1542 ἡμῶν
211 1463 232 1535 ἢ
245 1461 277 1521 τῦ
287 1459 370 1520 κακὸν
380 1460 407 1518 ἐν
417 1455 533 1535 τούτοις,
545 1458 593 1515 οὑκ
602 1457 629 1514 έν
640 1459 679 1536 τῷ
690 1453 861 1538 θρεχθῆναιῆ
901 1478 950 1529 qua
960 1466 996 1516 eis
1016 1470 1119 1517 utamur.
1151 1471 1183 1518 Et
1200 1469 1291 1520 bonum
1307 1475 1348 1520 aut
1366 1471 1458 1521 malum
1475 1471 1601 1534 nostrum,
1623 1471 1691 1536 quod

73 1556 123 1634 μὴ,
137 1553 156 1626 ἢ
170 1552 268 1613 λαὺεῑν
283 1549 301 1622 ἢ
315 1547 352 1628 pi,
366 1547 468 1620 λαὺεῖν,
480 1551 516 1614 ὡς
531 1544 657 1628 πρότερον
672 1544 789 1624 έλέγετο,
802 1545 860 1602 ἀλλ’
902 1554 934 1604 ad
949 1554 1003 1606 baec
1024 1557 1129 1620 attinet,
1153 1558 1178 1608 in
1202 1558 1336 1623 adpetendo
1355 1561 1398 1611 aut
1418 1573 1468 1610 non
1488 1560 1637 1626 adpetendo,
1653 1561 1692 1611 rei

72 1638 400 1726 ἐντῇχρήσειέστίν,έφ’
414 1641 479 1715 ἡμῖν
492 1634 557 1716 οὔσῃ
570 1637 657 1702 καλῶς
672 1632 788 1706 ἣκακῶς
802 1635 862 1702 δια-
902 1643 928 1692 in
953 1644 1093 1709 arripiendo
1123 1649 1167 1696 sut
1193 1661 1243 1698 non
1271 1648 1430 1713 accipiendo,
1460 1651 1490 1699 ut
1515 1653 1572 1700 ante
1599 1649 1692 1700 dictum

71 1739 184 1807 τιθῆναι.
228 1731 271 1793 Τὸ
291 1728 343 1811 γάρ
360 1750 402 1787 τοι
418 1735 502 1786 νοσεῖν
517 1723 653 1797 καλῶς,ἢ
673 1723 798 1784 πένεσθαι
811 1747 861 1782 κα·
902 1737 956 1795 εει,
978 1733 1021 1783 sed
1040 1735 1066 1784 ia
1086 1747 1134 1784 usu
1156 1739 1193 1786 est
1213 1737 1299 1799 situm;
1320 1737 1362 1802 qai
1384 1736 1462 1787 nostri
1480 1737 1573 1788 arbitrii
1590 1742 1641 1800 eat,
1663 1743 1692 1790 ut

42 1839 61 1876 rs
72 1827 134 1898 λῶς,
147 1821 196 1882 χαλ
212 1820 282 1888 ὅλως
297 1824 314 1891 ἡ
327 1821 422 1900 χρῆσις
435 1813 481 1875 καλ
501 1821 548 1874 τοῦ
562 1813 632 1874 κατὰ
647 1811 747 1896 αἵρεσιν
760 1813 862 1872 καὶτοῦ
902 1823 979 1874 ουτοι
995 1823 1057 1875 bene
1068 1824 1107 1875 vel
1123 1825 1186 1877 maie
1201 1826 1342 1877 ιτοοιευιυε.
1374 1829 1435 1878 Nam
1445 1827 1507 1878 bene
1521 1827 1634 1878 morbum
1647 1831 1692 1879 aut

72 1913 95 1983 ἐξ
109 1911 231 1992 ἀνάγκης
244 1907 384 1990 ληφθέντος
398 1906 437 1988 ἐφ’
451 1908 515 1984 ἡμῖν
534 1907 612 1964 ἐστιν·
634 1902 723 1984 ὥσπερ
748 1901 793 1961 καὶ
818 1900 863 1961 ἐπί
903 1913 1068 1976 paupertatem
1079 1914 1155 1976 terre,
1165 1915 1294 1965 etomnino
1309 1915 1344 1967 uti
1356 1913 1387 1966 iis
1400 1929 1455 1980 quae
1466 1915 1505 1967 vel
1516 1915 1580 1968 uitro
1591 1917 1630 1968 vei
1641 1929 1693 1968 oea·

71 2007 114 2076 τῆς
124 2005 228 2074 σκηνῆς
255 1998 286 2058 τὸ
296 1995 343 2077 μὲν
358 1994 511 2064 ἐκλέξασθαι
525 1997 577 2054 τῶν
590 1997 737 2076 ὑποκριτῶν
752 1992 862 2052 ἕκαστον
902 2005 956 2052 otus
967 2003 1100 2066 acceperis,
1111 2003 1135 2053 in
1144 2005 1186 2054 tua
1195 2007 1314 2068 potestate
1323 2007 1362 2056 est
1374 2020 1380 2055 :
1391 2005 1598 2070 quemadmodum
1606 2007 1632 2057 in
1643 2019 1692 2058 soe·

72 2092 133 2176 πρὸς
141 2091 173 2151 τὸ
186 2087 337 2162 ἐπιτήδειον
351 2085 493 2170 πρόσωπον
504 2086 531 2144 ἰν
541 2087 580 2166 τῷ
592 2082 721 2166 δράματι,
735 2081 801 2166 πρὸς
814 2085 863 2163 βα·
903 2105 934 2142 na
945 2091 1045 2156 singuiis
1056 2092 1215 2144 iristrionibus
1226 2098 1307 2159 aptam
1317 2094 1405 2146 iabulae
1416 2108 1542 2160 personam
1553 2097 1693 2161 imponere,

73 2182 158 2256 σιλέα,
173 2179 192 2254 ἢ
210 2181 313 2250 δοῦλον,
327 2175 345 2249 ἢ
370 2174 538 2254 μαινόμενον,
558 2175 594 2241 ῶς
606 2173 650 2232 τὸν
662 2169 800 2254 Ὀρέστην,
815 2176 862 2231 τοῦ
903 2181 955 2231 sire
963 2182 1034 2246 regis,
1043 2181 1095 2233 sive
1106 2183 1186 2244 serat,
1199 2183 1251 2234 sire
1262 2183 1364 2246 furiosi,
1378 2184 1456 2247 qualis
1466 2189 1503 2235 ast
1515 2185 1622 2248 orestis,
1640 2187 1694 2250 ejus

40 2288 62 2327 aa
73 2272 239 2337 διδάσκοντος
249 2269 279 2327 τὸ
291 2263 380 2350 δρῦμά
390 2268 460 2338 ἔστι,
470 2261 516 2324 καί
527 2265 579 2322 τῶν
593 2263 620 2321 ἐν
633 2264 705 2343 αὑτῷ
713 2260 862 2342 προσώπων
903 2271 993 2334 estqui
1014 2271 1119 2322 tabulam
1132 2271 1218 2335 docet,
1235 2273 1325 2336 quique
1334 2277 1384 2322 tam
1396 2285 1554 2336 personarum
1563 2287 1618 2338 quae
1627 2277 1653 2326 in
1665 2287 1694 2326 ea

72 2361 182 2420 καὶτῶν
196 2359 348 2440 ὑποκριτῶν
361 2353 410 2427 τὴν
427 2352 556 2425 ποιότητα
570 2349 774 2430 ἐπεσκεμμένον·
788 2349 819 2409 τὸ
835 2347 862 2409 δέ
903 2363 973 2422 sunt,
984 2373 1057 2424 quam
1067 2361 1211 2412 histrionum
1222 2361 1318 2426 ingenia
1333 2363 1460 2426 perspecta
1470 2362 1552 2415 babet.
1585 2365 1634 2416 Sed
1646 2367 1692 2416 tm·

73 2451 258 2532 ὑποκρίνεσθαι
273 2447 360 2513 καλῶς
375 2442 406 2502 τίν
424 2441 495 2502 δοθὲν
508 2439 649 2524 πρόσωπον
680 2445 727 2499 τοῦ
741 2438 863 2518 έκλεγέν-
903 2451 1443 2515 positampersoaamiettereproesentare
1469 2451 1586 2515 designati
1598 2452 1693 2504 histrio

73 2564 113 2607 τος
123 2538 196 2600 ἐστὶν
211 2539 363 2618 ὑποκριτοῦ.
404 2531 453 2592 art
463 2531 509 2591 καί
518 2531 651 2608 εὐδοκιμεῖ
662 2527 790 2596 πολλάκις
804 2529 862 2588 δοῦ·
904 2538 1009 2589 miserit.
1042 2543 1122 2600 Quare
1136 2553 1201 2605 saepe
1213 2542 1370 2604 servus,aut
1382 2523 1575 2604 mendicus,aut
1588 2543 1694 2595 turioms

75 2625 158 2701 iffi
174 2623 286 2707 πτωχὸς
295 2621 331 2696 ,η
344 2618 499 2700 μαινόμενος
513 2621 588 2701 ἐντῷ
603 2616 727 2699 δράματι·
737 2615 783 2676 καλ
793 2619 863 2676 άπο-
902 2628 1018 2692 probatur
1037 2628 1063 2679 iu
1081 2629 1172 2694 tabuta3
1187 2629 1256 2680 dives
1272 2631 1368 2693 sutem,
1382 2635 1426 2681 aut
1440 2631 1579 2696 imperator,
1592 2637 1635 2683 aut
1649 2647 1693 2685 rex

41 2717 246 2795 manumitteret
262 2711 400 2787 πλούσιος,
412 2708 430 2782 ἢ
441 2701 639 2792 ιστρατ·ηγθς,ἢ
655 2705 786 2788 βασιλεῦς·
800 2704 862 2766 ὅταν
903 2717 1054 2782 improbetur
1069 2733 1075 2768 :
1090 2731 1146 2768 aum
1159 2717 1207 2782 itti,
1219 2719 1283 2784 quari
1299 2720 1324 2770 in
1336 2719 1395 2784 ipsis
1407 2721 1459 2782 est,
1470 2719 1551 2772 damna
1566 2735 1694 2786 personam

75 2806 164 2865 ἐκεῖνοι
193 2802 240 2884 μίν
265 2804 353 2868 καλῶς
365 2799 396 2860 ab
410 2795 482 2858 δοθὲν
495 2795 636 2880 πρόσωπον
658 2795 863 2877 ὑποκρίνοινται,
903 2807 966 2858 betia
990 2809 1143 2872 exprimunt,
1170 2809 1194 2860 Iri
1219 2823 1278 2860 uero
1302 2823 1372 2860 suam
1396 2809 1475 2872 maie,
1504 2815 1576 2875 prout
1600 2813 1696 2877 utrique

75 2885 141 2954 οὑτοι
153 2892 186 2954 δὲ
195 2889 337 2965 κακῶς,τό
351 2889 389 2972 ἐφ’
404 2888 514 2954 ἑαυτοῖς·
526 2877 562 2945 ῶν
577 2888 601 2945 οἱ
616 2883 663 2964 μὲν
677 2887 765 2952 καλῶς
774 2882 862 2954 ἐξεπό-
904 2896 979 2948 ineo
1003 2897 1164 2949 elaborarunt.
1204 2899 1250 2950 iiic
1263 2899 1337 2949 etiarn
1360 2898 1388 2950 tit
1404 2893 1500 2950 inriti.
1544 2903 1611 2960 erot
1631 2902 1695 2953 euim

74 3007 166 3063 νησαν,
183 2985 208 3042 σί
229 2979 256 3040 δὲ
268 2982 364 3045 κακῶς.
405 2973 620 3037 Οὑτωδὲκαλέν
643 2977 680 3057 τῶ
704 2972 762 3056 βίῳ.
804 2973 862 3033 116-
903 2987 1000 3050 regibus
1007 3023 1015 3050 ,
1034 2987 1300 3050 diriIibus,robustis,
1320 3001 1417 3050 serras,
1429 3001 1529 3052 pauper,
1546 2993 1571 3040 et
1593 2991 1695 3042 claudus

76 3095 124 3130 συν
136 3072 193 3155 ἄρα
212 3066 351 3150 βασιλέων,
371 3065 417 3126 καί
438 3063 579 3138 πλουσίων,
601 3062 647 3123 καὶ
669 3061 864 3147 ἱρρωμένων,ὑ
903 3075 1241 3140 Epictetus,tamaoborago
1251 3080 1277 3126 et
1286 3075 1399 3138 magistro
1411 3079 1479 3137 Deo,
1493 3089 1566 3140 quam
1576 3078 1607 3128 ab
1622 3079 1694 3142 buius

43 3173 64 3216 to
76 3161 161 3230 δοῦλος
189 3158 235 3218 καλ
249 3157 330 3231 πένης
350 3155 395 3216 καλ
417 3153 504 3235 χωλός
518 3152 677 3224 Ἐπίκτητος
701 3152 753 3211 ὑπό
770 3176 799 3212 τε
817 3157 863 3212 τοῦ
903 3164 962 3214 vitm
974 3165 1165 3229 spectatoribus,
1177 3167 1216 3216 est
1233 3165 1362 3229 praetatus?
1374 3166 1432 3229 quia
1448 3177 1574 3230 persenam
1592 3167 1638 3219 sibi
1650 3168 1694 3219 im·

75 3253 192 3332 Ιγορηγοῦ
218 3246 264 3307 καὶ
282 3243 441 3306 διδασκάλου
467 3245 540 3314 θεοῦ,
564 3239 609 3300 καλ
634 3239 686 3298 ὑπὸ
708 3243 759 3299 τῶν
780 3242 807 3298 έν
825 3244 863 3322 τῷ
904 3251 1006 3316 positam
1015 3251 1075 3302 bene
1087 3252 1112 3302 et
1123 3265 1154 3302 ex
1168 3251 1276 3314 magistri
1287 3251 1405 3303 sententia
1416 3252 1477 3315 egit,
1490 3253 1515 3303 et
1526 3253 1593 3316 quorl
1607 3253 1632 3304 In
1642 3255 1694 3319 ipse

78 3319 123 3421 βίῳ
135 3341 247 3410 θεατῶν,
257 3334 413 3420 προεκρίθη,
426 3332 466 3393 ότι
477 3332 564 3398 καλῶς
575 3329 605 3389 τὸ
617 3327 689 3388 δοθὲν
704 3331 775 3410 αὑτῷ
785 3327 865 3411 πρόσ-
905 3339 965 3401 tuit,
975 3340 1246 3404 probeadmiuistravit3
1255 3341 1280 3390 in
1290 3354 1340 3406 quo
1350 3341 1442 3391 bonum
1451 3344 1476 3394 et
1489 3341 1579 3393 malum
1590 3343 1694 3395 bominis

77 3450 143 3486 ωπον
162 3425 211 3486 καὶ
228 3423 297 3484 κατδι
313 3421 361 3495 τὴν
380 3427 427 3481 τοῦ
447 3418 604 3480 διδασκάλου
626 3415 735 3498 γνώμην
754 3417 864 3501 ὑπεκρί-
905 3429 978 3478 situm
989 3432 1035 3490 est,
1043 3429 1102 3494 etitl
1111 3429 1201 3494 quoda
1217 3430 1320 3482 oordatis
1331 3431 1516 3499 bouaiuibusrel
1528 3433 1647 3497 laudetur,
1656 3434 1694 3485 ret

77 3537 136 3574 νατσ
146 3560 154 3588 ,
165 3511 197 3572 τὸ
211 3513 251 3596 ἐφ’
266 3513 352 3592 ἑαυτῷ
371 3511 458 3576 καλῶς
471 3504 654 3585 οἰκονομήσας·
669 3497 729 3587 ένῷ
746 3505 777 3564 τδ
794 3509 863 3584 ἀγα·
905 3517 1063 3583 vituperetur.

45 3625 66 3664 rs
78 3601 118 3661 θδν
129 3600 177 3661 καί
190 3599 221 3660 τὸ
234 3599 314 3659 κακόν
326 3603 382 3659 έστι
393 3597 423 3657 πθ
437 3594 605 3678 ἀνθρώπινον,
623 3593 669 3653 καὶ
682 3593 713 3653 τδ
729 3593 863 3654 ἐπαινετὸν

77 3688 148 3769 παρὰ
157 3691 213 3756 τοῖς
227 3678 256 3746 εὑ
266 3693 400 3769 φρονοῦσι,
411 3685 456 3746 καλ
470 3685 499 3744 rb
509 3683 613 3766 ψεκτόν.

115 3779 171 3857 [ΙΝ
180 3781 264 3838 cat).
279 3777 404 3854 xviii]
413 3765 611 3852 Τοῦτο,όίμαι,
620 3771 651 3832 τδ
660 3771 803 3850 κεφάλαιον
815 3773 863 3846 τὴν
937 3787 1090 3854 [iiixviii]
1103 3789 1243 3853 caputhoo,
1251 3790 1693 3859 meaquidemopinione,sipraeposi·

79 3865 262 3948 προσήκουσαν
277 3864 354 3945 ἔσχεν
371 3863 402 3923 διν
414 3861 495 3936 τάξιν,
511 3865 533 3922 εί
547 3861 599 3944 πρὸ
612 3867 657 3921 τοῦ
671 3865 809 3942 προσεχῶς
824 3865 863 3922 τί·
904 3877 956 3926 tum
966 3878 1085 3942 superiori
1100 3879 1197 3942 ruisset,
1207 3880 1588 3945 mmmodumiooumrenutsset,
1600 3886 1655 3947 post
1666 3883 1692 3935 id

81 3955 189 4034 ρημένου
201 3952 334 4026 ἐτέτακτο,
343 3950 410 4031 μετδι
419 3949 504 4033 τὸπρδ
515 3949 623 4024 ἐκείνου,
634 3941 663 4009 οὑ
671 3949 750 4030 ἀρχὴ,
758 3979 769 4003 ι
777 3950 862 4012 Ὅταν
904 3965 969 4029 quod
981 3966 1106 4030 praecedit,
1121 3966 1191 4029 eujus
1200 3967 1296 4018 initium
1306 3969 1343 4020 εει
1354 3985 1360 4018 :
1377 3971 1441 4019 cam
1452 3969 1596 4032 ejulantem
1607 3985 1693 4036 quem·

48 4073 69 4111 ,η
80 4042 202 4102 κλαίοντα
223 4041 282 4121 ἴδῃς
304 4043 330 4100 ἐν
350 4039 446 4099 πένθει.
470 4067 483 4092 ν
524 4036 616 4099 Εἰπὼν
635 4037 687 4119 γάρ
710 4042 736 4098 ἐν
758 4041 862 4123 έκείνιμ,
900 4053 1214 4118 ptamaidertsinletctu.
1248 4059 1311 4110 Nam
1325 4057 1426 4108 ibicum
1439 4057 1608 4122 dixisset,n0n
1621 4060 1693 4113 adtiei

80 4129 115 4190 ότι
137 4133 168 4190 οὑ
181 4129 234 4213 χρὴ
257 4128 483 4208 συμπαθαίνεσθαι
504 4127 559 4195 τοῖς
577 4130 604 4187 ἐν
627 4131 701 4210 κακῷ
715 4127 862 4206 νομίζουσιν
903 4144 1693 4212 oportereeorumdoiorequiobexterriaeaiimrjusroijacturamin

82 4209 143 4278 εἶναι
154 4222 187 4279 δι’
198 4216 336 4301 ἁφαίρεσίν
343 4240 410 4285 τινος
418 4219 469 4275 τῶν
480 4214 567 4288 ἔκτδς,
578 4216 635 4274 οὑδὲ
646 4216 862 4298 συναρπασθέντα
904 4232 967 4282 mato
977 4233 1023 4282 sibi
1030 4247 1084 4284 esse
1091 4233 1227 4295 rideantur,
1234 4235 1447 4299 nequeabreptum
1454 4235 1506 4286 viso
1516 4237 1652 4291 existimare
1659 4247 1692 4292 ta·

82 4309 190 4387 νομίζειν
211 4305 250 4367 ότι
269 4309 296 4366 έν
313 4308 389 4388 κακῷ
410 4307 480 4364 ἐστιν
499 4307 513 4362 ὑ
531 4309 661 4378 τοιοῦτος,
680 4303 753 4386 εἴπερ
769 4309 795 4366 έν
810 4309 863 4377 τοῖς
903 4319 1134 4384 leminmaioesse;
1145 4321 1344 4386 siquidemuostri
1351 4323 1690 4381 bonietmalirisaosumma

83 4400 118 4480 ἐφ’
130 4404 195 4478 ἡμῖν
219 4399 290 4456 ἐστιν
305 4399 323 4468 ἡ
340 4395 415 4456 οὑσία
433 4399 479 4454 τοῦ
495 4397 593 4472 ἀγαθοῦ
611 4393 657 4454 καί
670 4401 754 4455 κακοῦ
772 4399 862 4476 ἡμῶν·
904 4410 927 4459 in
938 4410 968 4460 iis
977 4411 1024 4472 sit,
1034 4423 1090 4475 quaa
1099 4411 1124 4460 in
1133 4415 1217 4461 nostra
1226 4413 1345 4476 potestate
1352 4413 1399 4463 sita
1406 4416 1565 4480 suntmuno,
1576 4420 1600 4468 si
1610 4432 1691 4483 σασα·

50 4517 70 4554 ,ς
82 4491 123 4546 νῦν
136 4487 224 4566 λέγει,
242 4484 282 4545 ὅτι
301 4483 346 4544 καλ
366 4483 411 4544 ἐὰν
423 4481 534 4566 όρνις,ἢ
550 4482 680 4563 σὺμῦολός
695 4508 747 4563 τις,
764 4484 781 4558 ἢ
796 4509 863 4565 μαν-
903 4501 975 4549 αιτιοι
980 4535 987 4561 ,
1000 4499 1050 4550 sire
1061 4513 1146 4562 omen,
1156 4501 1207 4552 sire
1217 4501 1334 4551 maturabo
1342 4503 1409 4553 molt
1421 4504 1530 4570 aliquid
1534 4507 1692 4571 portendere

83 4575 148 4649 τεία,
161 4574 223 4654 δόξῃ
236 4598 277 4634 σοι
288 4571 346 4634 τινὰ
359 4571 430 4633 κακλι
445 4572 598 4651 σημαίνειν,
611 4571 678 4651 μηδὲ
689 4572 758 4632 οὑτω
773 4597 864 4659 συναρ-
905 4587 953 4638 tibi
968 4587 1108 4646 videntum
1127 4602 1157 4639 ue
1173 4590 1207 4640 sie
1221 4590 1332 4654 quidem,
1342 4591 1435 4656 inquit,
1451 4593 1529 4659 abripi
1540 4596 1691 4660 phantasiam

82 4667 194 4745 πασθῇς·
210 4661 280 4724 άλλδι
298 4662 415 4745 χωρίσας
428 4665 479 4721 τῶν
495 4660 547 4721 άπδ
561 4667 606 4722 τοῦ
621 4660 743 4748 σώματός
758 4687 804 4724 σου
818 4665 863 4724 καλ
903 4678 970 4727 tuam
986 4677 1085 4740 patiaris
1103 4693 1109 4727 ε
1127 4677 1183 4740 sed,
1200 4677 1328 4742 sejungens
1346 4679 1440 4732 bonum
1452 4684 1477 4734 et
1488 4684 1579 4735 malum
1592 4691 1692 4739 tuuma

82 4754 130 4810 τῶν
152 4749 240 4826 ἐκτός,
261 4749 390 4825 ἐννόησον,
405 4749 445 4810 ότι
462 4749 493 4810 τὸ
507 4750 603 4831 ἀγαθὸν
618 4750 663 4810 καί
677 4749 707 4810 τὸ
721 4751 802 4812 κακόν
817 4777 863 4814 σου
904 4777 1002 4829 corpore
1013 4767 1056 4816 tuo
1072 4770 1119 4816 sta
1130 4767 1203 4818 rebus
1212 4768 1335 4832 extemis,
1348 4771 1452 4834 cogites,
1463 4772 1554 4824 bouum
1567 4776 1691 4828 etmaium

84 4839 123 4899 ἐπί
137 4840 178 4901 σοί
191 4844 273 4902 ἐστιν.
314 4839 381 4901 Ἐὰν
396 4829 440 4898 οῦν
455 4836 487 4898 σὺ
501 4838 539 4918 μὴ
554 4838 630 4920 θέλῃς
647 4841 673 4898 ἐν
686 4845 763 4922 κακῷ
783 4832 862 4914 εἶναι,
904 4859 973 4904 tuum
983 4859 1160 4918 penesteesse.
1194 4857 1218 4908 Si
1229 4856 1301 4919 igitur
1310 4861 1337 4908 tu
1348 4859 1372 4908 in
1382 4860 1445 4911 maio
1454 4874 1507 4912 esse
1517 4863 1691 4928 notueris3ista

51 4955 72 4995 ιη
81 4926 113 4986 τά
132 4927 315 5008 σημαινόμενα
328 4935 414 4988 ταῦτα
434 4926 505 4988 κακά
516 4930 563 4988 οὑκ
578 4927 609 4987 διν
624 4927 664 5000 εἴη
680 4928 720 4988 σολ
735 4929 862 5008 σημαινό-
903 4957 958 5007 quae
970 4943 1145 5008 portenduntur
1158 4946 1234 5009 maia,
1245 4959 1297 4998 non
1308 4949 1356 4998 tibi
1362 4950 1570 5014 portenduntur,
1586 4954 1633 5006 sed
1641 4959 1691 5007 σαι

84 5040 159 5093 μενα,
174 5018 234 5078 ἀλλ’
252 5016 322 5099 ἣτῷ
343 5017 470 5099 σωματίῳ
489 5039 551 5089 σου,
572 5016 589 5090 ἢ
604 5041 642 5100 τῳ
657 5017 781 5100 δοξαρίῳ,
797 5017 814 5091 ἢ
829 5024 863 5100 τῇ
903 5037 1004 5097 corpori
1025 5037 1068 5084 tuo
1087 5035 1246 5098 autsamce,
1262 5039 1312 5088 aut
1324 5038 1428 5102 opibus,
1445 5043 1495 5091 σαι
1516 5041 1621 5104 liberte,
1640 5048 1690 5095 σαι

83 5107 228 5191 περιουσία,
246 5105 264 5179 ἢ
285 5105 398 5179 τέκνοις,
410 5105 428 5178 ἢ
442 5104 557 5184 γυναικί·
578 5104 619 5164 σοί
641 5104 668 5164 δὲ
687 5105 774 5165 πάντα
789 5105 862 5167 αἴσια
903 5125 982 5173 uxori
995 5123 1066 5173 :etia
1083 5137 1141 5174 vero
1149 5138 1278 5190 prospera
1289 5128 1379 5178 omnia
1389 5127 1621 5194 sipnr'flountsrm
1633 5133 1689 5195 ipre

85 5195 249 5272 σημαίνεται,
263 5192 309 5254 tio
321 5193 396 5274 θέλῃς
411 5191 456 5267 ab,
472 5191 514 5253 διὰ
524 5193 555 5253 τὸ
569 5192 613 5252 έπλ
624 5192 665 5253 σοί
677 5185 743 5254 εἶναι
754 5194 784 5254 ab
798 5197 861 5274 ἀγα·
903 5211 1032 5280 volueri&
1044 5213 1100 5276 quia
1110 5218 1260 5277 penesteest
1266 5214 1356 5265 bonum
1366 5217 1391 5266 et
1398 5216 1488 5267 malum
1496 5220 1576 5268 tuum.
1608 5222 1687 5270 Immo

85 5290 124 5344 θον
135 5309 193 5358 σου,
208 5284 254 5345 καί
267 5283 297 5344 τδ
311 5283 400 5344 κακόν.
443 5283 544 5362 Ἀμέλει
560 5283 612 5342 άπὸ
626 5287 678 5343 τῶν
692 5284 751 5366 περὶ
772 5284 806 5344 rb
819 5289 863 5346 ἐκ·
903 5311 961 5350 uere
971 5299 1023 5351 fieri
1032 5303 1126 5363 potest,
1141 5304 1168 5352 ut
1177 5303 1251 5354 mola
1265 5303 1441 5370 quaevideatur
1450 5305 1474 5356 in
1483 5305 1556 5360 rebus
1567 5309 1686 5373 externis,
