3730 5776
68 492 195 574 για-ιο.)
607 485 648 546 ιιι
668 481 864 545 ananiam.
886 479 968 541 aar.
990 477 1070 542 vrrr.
1390 458 1394 471 ’
1441 479 1562 560 (ιε-νε.)
1605 491 1641 544 νο

61 624 101 696 τήν
110 621 179 705 ρὺσιν
188 617 261 690 εἰσίν,
269 619 306 685 ῶς
320 616 364 676 καί
372 619 407 685 είς
418 615 512 676 κακίαν
521 613 756 698 παρατρίπεσθαι.’
786 616 821 675 Et
837 618 844 692 ί
863 619 951 672 riuum
962 617 1098 682 detorqueri
1116 617 1218 683 possint.
1250 617 1276 670 si
1289 617 1361 682 tp'tur
1377 619 1447 669 bonae
1459 623 1516 670 auat
1531 620 1644 674 bumana

61 712 131 771 τοίνυν
144 707 237 788 ἀγαθαί
250 709 316 768 εἰσιν
331 703 362 765 αί
374 729 403 764 τε
417 702 575 786 ἀνθρώπιναι
588 703 693 786 ἀρεταί,
709 703 755 763 καὶ
769 725 821 762 σω-
864 709 978 772 virtutes,
987 708 1006 758 si
1015 709 1106 758 bonum
1115 709 1152 758 cst
1161 708 1393 772 valetudoprospera
1400 708 1644 775 corporis3danique,

63 798 145 879 ματική
156 795 241 876 ὑγεία,
252 793 300 855 καὶ
313 793 363 854 ider
376 792 412 872 μὴ
426 790 461 852 adr
471 795 565 874 πρῶτα
581 791 657 870 μόνον
670 791 688 863 i,
702 789 821 870 ἀκήρατα
864 799 883 849 si
896 811 943 848 non
959 798 1036 861 prima
1052 799 1145 847 tantum
1156 801 1181 846 et
1198 796 1385 860 incorruptibilia
1401 797 1463 848 boua
1478 810 1618 862 premanere
1631 813 1646 850 a

62 887 133 966 ἄγαθίι
142 885 191 944 ἀπὸ
201 889 248 956 τῆς
261 889 309 943 τοῦ
320 885 418 962 ἀγαθοῦ
429 886 516 960 πηγῆς
527 885 685 954 ὑποστῆναι,
696 876 765 938 ἀλλά
776 877 821 938 καί
866 887 930 936 tonte
942 886 998 936 boni
1008 885 1145 949 oportebat,
1158 884 1202 935 sed
1211 888 1236 936 et
1245 885 1322 935 media
1330 887 1356 936 et
1364 885 1450 936 ultima
1456 903 1464 948 ;
1475 900 1572 938 necesse
1581 893 1632 939 erat
1638 925 1646 952 ,

42 976 87 1044 ςτίι
99 975 160 1054 μέσοι
172 972 218 1032 καλ
227 970 263 1030 τά
277 971 392 1052 ἔσχατα·
407 972 547 1048 ἀναγκαῖον
560 960 592 1042 ῆν
621 973 672 1027 τῶν
687 991 822 1048 παρατρε-
865 977 894 1025 ut
903 987 984 1024 eurum
995 986 1092 1036 quoque
1103 973 1218 1022 bonorum
1225 1009 1233 1035 ,
1243 987 1298 1038 quae
1308 974 1433 1038 depravari
1441 976 1553 1038 possent,
1564 975 1647 1041 depra-

60 1065 162 1141 πομένων
176 1064 281 1139 ἀγαθῶν
293 1059 339 1119 καὶ
350 1057 397 1127 τάς
414 1056 584 1140 παρατροπὰς
598 1059 647 1138 οὑχ
665 1061 822 1130 ὑποστῆναι,
866 1063 972 1113 vationes
983 1075 1031 1111 non
1044 1063 1186 1112 exsisterent
1203 1061 1314 1127 quidem,
1334 1063 1421 1127 (neque
1436 1063 1500 1113 enim
1516 1064 1646 1116 essentiam

61 1151 116 1231 (οὐδὲ
126 1149 173 1232 γάρ
186 1148 277 1229 ἔχουσι
293 1147 489 1228 προηγουμένην
507 1145 672 1227 ὑπόστασιν,)
688 1145 823 1205 ἀλλάπα-
867 1150 1019 1215 principalem
1029 1149 1139 1212 babent,)
1150 1149 1191 1200 sed
1202 1153 1283 1202 tamen
1293 1151 1400 1216 iisqne
1410 1151 1649 1214 exsisterent,acces·

143 1243 200 1297 ”aar
211 1245 266 1305 τοῖς
277 1228 344 1296 οὑσι.
867 1237 1134 1299 sionisriceudjunctre
1145 1243 1233 1289 essent.

92 1328 140 1387 Καί
153 1324 200 1407 ὅρα
215 1324 264 1398 τὴν
282 1321 431 1405 ὑπερὺολῆν
449 1327 496 1396 τῆς
515 1321 584 1390 θείας
599 1321 771 1402 ἀγαθότητος,
785 1319 824 1380 ὅτι
898 1329 929 1378 at
937 1326 1109 1378 consideranda
1116 1327 1161 1377 boe
1168 1327 1222 1377 loco
1230 1328 1268 1378 est
1277 1327 1365 1378 dirinoe
1376 1327 1488 1381 bonitatis
1495 1331 1645 1394 excellentia,

33 1441 50 1482 to
60 1414 98 1488 τήν
111 1413 154 1494 μὲν
164 1419 210 1474 τοῦ
222 1412 347 1492 σώματος
363 1410 471 1494 ρθοράν,
487 1409 536 1471 κάν
553 1419 627 1478 mre<
643 1410 726 1484 δίκην,
740 1413 775 1478 ὑις
788 1401 824 1469 εἷ·
867 1418 956 1478 quaeat
966 1415 1073 1479 corporis
1079 1416 1269 1480 corruptionem,
1279 1416 1344 1481 quod
1354 1417 1536 1483 umbreeinstar,
1547 1425 1576 1470 ut
1585 1419 1648 1482 diri,

59 1527 106 1576 τιον,
119 1528 149 1584 τη
160 1502 261 1576 κινήσει
274 1505 326 1560 τῶν
339 1501 428 1560 αίτίων
442 1499 469 1569 ἐξ
482 1499 598 1578 ἀνάγκης
617 1500 826 1582 συμπιριτρέπε-
868 1516 915 1554 una
927 1517 982 1553 cum
991 1517 1130 1554 caussarum
1137 1509 1205 1554 motu
1217 1505 1352 1556 necessario
1359 1506 1536 1570 circumagitur,
1546 1508 1651 1560 citarent

59 1617 106 1666 ται,
116 1592 170 1650 ἀλλ’
179 1590 267 1669 ἀγαθὰ
282 1581 348 1650 ε’ίυαι
358 1588 464 1662 ίποίησι
489 1587 535 1649 καί
549 1597 602 1656 τοῖς
608 1594 727 1649 νοσοῦσιν
739 1591 825 1655 αὑτοῖς
868 1592 988 1642 utmuitis
999 1591 1077 1643 modis
1087 1592 1177 1643 bonum
1188 1593 1268 1655 tieret,
1278 1607 1334 1643 cum
1350 1594 1408 1658 ipsis
1419 1595 1489 1658 agris
1505 1595 1651 1661 caducisque

59 1680 96 1738 καί
105 1678 276 1761 ρθειρομίνοις
287 1675 406 1754 σώμασι,
417 1673 486 1736 κατὰ
497 1673 545 1748 τήν
557 1679 592 1742 εἰς
601 1673 636 1734 τά
647 1674 696 1735 ὅλα
708 1679 824 1757 στοιχεῖα
867 1680 1020 1744 corporibus,
1039 1693 1094 1744 qure
1106 1681 1130 1730 in
1147 1694 1192 1731 sua
1206 1682 1324 1732 elementa
1338 1683 1501 1746 resolvuntur,
1519 1686 1549 1735 ut
1565 1682 1652 1735 deinde

59 1767 189 1827 ἒνιίειλωοιν
200 1767 248 1826 καί
260 1765 307 1826 τὸν
320 1763 475 1843 exermis,
486 1763 532 1824 καὶ
544 1771 601 1831 ταῖς
614 1762 764 1845 χρωμένοις
776 1768 825 1844 ψο-
869 1769 978 1820 renovari
992 1769 1098 1832 possint;
1121 1775 1172 1819 tum
1188 1769 1289 1831 animis,
1301 1783 1405 1834 quorum
1424 1773 1581 1823 instrumenta
1596 1777 1652 1822 sunt

34 1858 125 1936 ιεγιιῖς,
142 1858 173 1916 δι’
192 1859 280 1916 αὑτῶν
298 1852 507 1936 ἰατρευομένοις,
523 1852 569 1912 καί
587 1856 624 1932 τῷ
642 1851 696 1932 ὅλῳ
712 1856 825 1934 γενητῷ,
869 1857 1154 1922 corpora,quipeream
1170 1857 1652 1923 sanantur;deuiquetotibuicmundo,
1711 1913 1712 1916 ,

59 1946 111 2024 πρὸς
126 1943 172 2017 τήν
189 1945 232 2004 ἀπ’
252 1943 371 2024 ἄπειρον,
389 1947 424 2010 ὡς
439 1939 555 2024 ιίρηται,
575 1940 710 2018 διαμονήν.
729 1944 784 2013 Τῆς
798 1939 826 2000 δὲ
869 1946 899 1996 ad
910 1948 1048 2010 perpetuam
1065 1947 1118 2008 eius
1132 1943 1290 1996 durationem.
1323 1947 1429 2011 Acutpa
1447 1961 1505 1998 vero
1527 1949 1652 2011 pravitatis

60 2037 157 2114 ψυχικῆς
169 2031 277 2106 κακίας,
291 2037 339 2103 τῆς
351 2029 430 2108 μάνης
444 2029 567 2112 φανείσης
579 2033 697 2089 ὁπωσοῦν
718 2027 825 2100 κακίας,
869 2033 955 2096 animi,
971 2045 1044 2096 quam
1056 2033 1131 2084 sciara
1148 2037 1280 2096 utcumque
1298 2033 1388 2082 maiuru
1404 2045 1458 2082 esse
1473 2033 1589 2096 vidimus,
1608 2047 1652 2098 pro

60 2121 136 2180 ἑαυτὸν
148 2121 243 2190 ἐξεῖλε·
257 2123 362 2202 πρῶτον
377 2117 434 2197 μὲν,
445 2122 481 2187 ὡς
492 2120 633 2194 ἀναγκαῖον
648 2116 712 2177 αὑτὸ
723 2117 786 2199 πρὸς
796 2115 826 2175 τὸ
869 2120 953 2172 eadem
967 2134 1012 2171 sua
1021 2121 1140 2182 bonitate,
1151 2121 1285 2170 immunem
1296 2133 1323 2170 se
1334 2121 1446 2184 prestitit
1456 2125 1537 2184 Deus,
1546 2122 1652 2184 primum

60 2208 153 2288 ἀγαθὸν,
163 2209 209 2269 καί
218 2211 270 2288 οὑχ
278 2212 315 2276 ὡς
323 2205 414 2285 κακὸν,
427 2205 599 2288 συγχωρήσας
609 2213 663 2274 τοῖς
673 2196 731 2265 οὑσι
742 2228 826 2286 παρυ-
869 2221 913 2271 eo,
926 2207 991 2272 quod
1001 2209 1067 2258 itiam
1078 2208 1144 2258 atad
1156 2209 1246 2258 bonum
1258 2209 1430 2270 necessariam,
1442 2223 1491 2259 non
1506 2211 1534 2260 ut
1546 2209 1652 2273 matum,

32 2313 51 2351 ac
60 2301 188 2369 τοοτῆναι·
202 2297 312 2374 ἔπειτα,
323 2295 368 2357 καί
389 2294 453 2355 αὑτὸ
461 2299 580 2374 τοῦτστῆ
593 2291 715 2374 βουλήσει
725 2292 827 2362 ποίντως
869 2296 981 2347 accedere
991 2295 1170 2360 quodammodo
1181 2296 1211 2347 ud
1221 2310 1250 2347 ea
1265 2309 1319 2361 quae
1331 2297 1486 2358 exsisterent,
1498 2310 1583 2360 passus
1596 2300 1652 2347 est:

60 2384 169 2452 κελεύσας
182 2384 293 2444 inscias
303 2388 350 2456 τῆς
360 2386 461 2466 ψυχῆς,
473 2381 518 2443 καί
530 2381 661 2461 μηδέποτε
673 2380 752 2448 είςτά
765 2380 827 2441 ὄντα
870 2385 1043 2450 deinde,quod
1052 2385 1117 2435 iliam
1126 2386 1202 2450 ίρειιιιι
1209 2385 1286 2436 voluit
1294 2385 1319 2434 iu
1326 2386 1443 2448 potestate
1452 2385 1584 2436 esseanimi
1592 2422 1598 2448 ,
1607 2399 1653 2436 uec

60 2475 190 2552 παρελθεῖν,
204 2475 228 2532 εί
249 2471 289 2550 μῆ
306 2470 391 2538 ἐκείνη
412 2469 490 2532 θέλοι.
531 2467 626 2530 Διὺτά
646 2466 770 2544 ἀκοίσια,
794 2472 828 2538 ὡς
873 2487 988 2536 umquam
1010 2473 1035 2524 in
1059 2487 1139 2524 rerum
1161 2477 1272 2524 naturam
1291 2475 1427 2538 penetrare,
1448 2474 1494 2525 nisi
1514 2473 1554 2524 itte
1575 2473 1653 2524 veltet

60 2561 100 2618 οὑκ
111 2560 169 2619 ὄντα
180 2558 267 2634 κακὰ,
283 2557 330 2619 καί
341 2556 391 2617 ὑπὸ
406 2562 463 2617 θεοῦ
477 2555 754 2636 concremauerunt
776 2555 828 2616 ὑπὸ
872 2562 1036 2620 Quamobrem
1047 2562 1232 2623 involuntariis,
1248 2564 1276 2612 ut
1291 2575 1346 2626 quaa
1363 2561 1426 2612 mata
1440 2561 1563 2623 nussim,
1579 2565 1655 2612 tama

61 2651 104 2706 τῶν
116 2647 207 2725 νόμων.
871 2654 935 2714 Deo,
945 2664 1019 2716 qoam
1030 2663 1045 2700 a
1055 2651 1162 2714 tegibus,
1175 2650 1322 2713 ignoscitur.

32 2749 51 2788 θ
93 2735 142 2796 Καὶ
151 2735 205 2796 ἔστι
214 2734 392 2818 καὶτῆψυγῇ
405 2731 729 2801 ἀκοὺσιιίνπωςτὺκοικάν.
758 2731 828 2793 Οὐδὲ
902 2747 947 2796 Est
960 2743 1160 2808 remetiamipsi
1178 2743 1257 2793 aniam
1273 2739 1461 2792 involuntarium
1477 2740 1655 2806 quodammodo

60 2821 148 2903 γὺρὼς
166 2823 249 2884 κακὸν
273 2820 386 2905 αἱρεῖταί
405 2844 468 2882 ποτε
491 2819 572 2880 κακὸν
586 2825 602 2892 ἡ
618 2818 704 2902 ψυχή·
723 2821 781 2879 ἀλλ’
794 2824 829 2887 ῶς
872 2833 971 2883 maiam.
1004 2835 1087 2896 Neque
1104 2832 1168 2883 enim
1187 2845 1303 2897 umquam
1321 2831 1412 2881 uadum
1430 2837 1546 2895 tanquam
1565 2830 1656 2881 urcium

61 2915 151 2988 ἀγαθῶν
169 2914 248 2971 τινῶν
272 2908 429 2993 ἀρεγομίνη,
442 2908 506 2969 neri
527 2907 575 2988 μὲν
594 2907 748 2989 χρημάτων,
765 2906 829 2968 ποσί
872 2921 1023 2986 amplectitur
1030 2919 1239 2981 animuszsed,ut
1246 2919 1426 2984 bonaquaedam
1432 2919 1508 2982 ,alias
1515 2919 1655 2984 pecunbrn,

62 2994 83 3056 δὲ
94 3003 240 3076 σωματικῆς
254 2995 465 3071 ἀπολαύσεως,ῆ
484 2996 649 3070 δυναστείας,
663 2995 681 3069 ῆ
695 2996 827 3076 τιμῆς,τὺ
871 3009 929 3060 alias
938 3010 1084 3074 voluptatem
1096 3009 1215 3072 corporis,
1225 3007 1469 3072 aotpotentiam,aut
1478 3007 1656 3068 bonoram,ad·

62 3086 126 3145 συνὸν
135 3087 234 3156 τοὺτσις
250 3085 378 3168 βλαὺιρὺν
396 3085 414 3157 ἢ
429 3087 479 3165 οὐχ
489 3088 538 3167 ὁρᾷ
557 3084 638 3163 ὅλως,
652 3083 670 3156 ἢ
684 3085 828 3144 κατανωτί-
872 3097 948 3162 petit:
959 3109 1049 3146 noxam
1062 3095 1165 3147 verobis
1180 3095 1316 3158 adjunctum
1331 3100 1373 3145 aut
1381 3095 1450 3158 piane
1459 3107 1508 3144 non
1521 3094 1599 3156 ridet,
1612 3098 1655 3146 aut

34 3176 136 3247 εοζοται,
158 3175 208 3234 ὑπὸ
233 3180 281 3248 τῆς
306 3177 358 3233 τῶν
383 3172 519 3255 ἐρωμένων
544 3172 682 3253 βιαζομίνη
713 3170 827 3255 ἀρίξιως.
872 3183 1268 3248 negligit,cupiditabeamatarurn
1283 3182 1497 3233 rerumsubactua.
1530 3183 1570 3233 Sic
1584 3183 1657 3234 unde·

63 3261 130 3320 Οὑτω
141 3261 304 3344 παντυηγάθιν
313 3260 612 3334 ἐκὸέὺλητοιιτὺτελίως
623 3260 704 3320 κακὸν
714 3260 766 3320 ἀπὸ
778 3265 829 3320 τῶν
873 3286 977 3338 cumque
992 3273 1142 3335 eiectumest
1156 3285 1170 3322 e
1184 3285 1263 3322 rerum
1279 3271 1591 3335 naturaperiectemaium.
1623 3278 1658 3324 Ac

63 3349 141 3411 ὄντων.
182 3351 239 3414 Καὶ
254 3351 353 3428 μᾶλλον
371 3347 403 3408 ἀν
424 3348 464 3421 είη
481 3348 512 3408 τὸ
526 3351 654 3428 μηδαμῶς
667 3346 705 3422 tv,
719 3348 787 3431 ήπιρ
800 3350 830 3410 τὸ
873 3362 967 3413 facilius
979 3361 1075 3412 concedi
1085 3360 1176 3425 possit,
1186 3373 1239 3411 esse
1249 3359 1274 3410 id
1285 3359 1352 3424 quod
1366 3359 1433 3410 nulio
1445 3359 1518 3410 modo
1527 3361 1573 3421 sit,
1583 3374 1656 3424 quam

63 3437 143 3506 τῑθὲωι
155 3438 199 3499 καί
218 3435 389 3506 αὐτεξουσίως
407 3435 487 3496 κακὸν
501 3440 547 3509 τῆς
562 3435 724 3518 ἀνθρωπίνης
744 3440 830 3518 ψυχῆς
874 3452 1007 3515 perfectum
1028 3449 1053 3501 et
1071 3449 1224 3501 arbitrarium
1244 3447 1340 3513 aliquod
1358 3449 1458 3500 humani
1474 3448 1547 3500 animi
1566 3450 1657 3502 matum

63 3527 271 3608 παρυρίστασὺαι.
874 3539 998 3590 exsistere.

35 3630 53 3669 u
96 3616 126 3676 Er
137 3615 213 3684 ἀίεις
227 3614 310 3675 αἴτιον
323 3613 420 3694 νομίζει
430 3618 476 3673 τοῦ
488 3618 570 3673 κακοῦ
581 3613 625 3672 τὸν
641 3613 709 3688 θεὸν,
728 3617 764 3682 ὡς
780 3612 828 3687 τὴν
874 3628 929 3678 ;si
940 3627 994 3692 quis
1005 3639 1062 3676 raro
1073 3631 1151 3678 Deum
1161 3626 1218 3677 mali
1229 3627 1350 3677 auctorem
1360 3627 1495 3689 existimet,
1505 3628 1582 3692 utqui
1592 3627 1657 3677 bunc

64 3703 212 3772 αὑτιξοιίσιον
223 3701 312 3785 ψυχὴν
330 3701 528 3776 ὑποστήσαντα,
545 3693 577 3774 ῆς
590 3702 722 3784 ἀποτυχία
734 3702 765 3763 τὸ
778 3727 830 3762 κα·
873 3717 981 3766 animum
1003 3715 1078 3766 libera
1098 3716 1222 3766 uoluntate
1242 3713 1371 3780 praeditum
1395 3717 1569 3780 procreaverit,
1590 3716 1659 3778 eujus

63 3789 100 3848 κίν
110 3795 186 3852 ἐστιν·
201 3795 225 3852 εἰ
240 3789 288 3870 μίν
299 3789 380 3850 κακόν
392 3793 461 3850 ἐστιν
476 3789 670 3864 ἡαὺτοκίνητος
682 3789 728 3850 καὶ
740 3791 830 3862 αὑτεξ-
873 3801 992 3852 aberratio
1006 3815 1020 3851 a
1036 3803 1100 3852 recta
1117 3803 1157 3852 aia
1168 3801 1257 3852 malum
1273 3804 1311 3854 est
1328 3803 1468 3866 :siquidem
1484 3805 1580 3869 proprio
1590 3808 1658 3854 moto

64 3876 135 3948 οίιοιος
152 3885 202 3941 τῶν
224 3882 316 3963 ψυχῶν
330 3877 419 3951 οὐσία,
433 3884 514 3938 κακοῦ
528 3877 613 3958 λέγειν
628 3879 709 3940 αἴτιον
729 3879 830 3960 ἀνάγκη
875 3891 977 3956 praeditn
987 3891 1094 3942 etiibera
1105 3896 1190 3940 natura
1201 3891 1335 3941 animorum
1346 3893 1436 3942 malum
1448 3894 1499 3954 est,
1511 3893 1567 3942 mati
1579 3891 1658 3942 dicere

65 3965 100 4024 τὸν
108 3969 199 4043 ταύτην
211 3966 410 4040 ὑποστήσαντα·
422 3969 445 4026 εί
457 3967 479 4026 δ’
487 3966 583 4046 ἀγαθόν
593 3971 661 4042 ἐστι,
669 3968 715 4028 καί
726 3971 830 4029 πολλῶν
874 3984 996 4029 ουοιοιοιιι
1008 3993 1105 4030 necem
1113 3981 1151 4029 est
1162 3977 1233 4042 hujus
1244 3979 1392 4030 conditorem
1403 3995 1408 4030 :
1419 3982 1456 4030 sin
1464 3979 1556 4030 bonum
1570 3981 1621 4043 est,
1633 3981 1658 4030 et

36 4065 56 4106 ⁴⁰
65 4058 107 4116 τῶν
119 4059 142 4114 ἐν
155 4061 192 4140 τῷ
210 4056 304 4138 κόσμῳ
318 4059 421 4136 ἀγαθῶν
443 4059 529 4134 μεῖζον
541 4055 588 4115 καί
603 4055 766 4134 τιμιώτερον,
775 4063 831 4128 πῶς
874 4064 970 4128 quidem
981 4065 1064 4115 maritis
1073 4064 1204 4129 bonisquae
1213 4065 1238 4116 in
1247 4067 1337 4118 mundo
1348 4072 1405 4118 sunt
1414 4068 1493 4132 majus
1502 4073 1526 4119 et
1540 4067 1658 4118 excelten-

66 4139 138 4218 ἀνείη
152 4152 235 4206 κακοῦ
250 4143 355 4213 οιίτιοςὺ
369 4143 399 4204 τὸ
413 4143 508 4224 ἀγαθὸν
521 4143 682 4218 ὑποσπήσαςς
697 4145 776 4206 Ἐπεί
787 4138 830 4206 οὑν
875 4152 936 4214 tius;
948 4155 991 4217 qut
1002 4157 1074 4217 queat
1085 4153 1142 4202 mati
1151 4157 1234 4203 auctor
1243 4167 1296 4205 esse
1304 4156 1339 4218 is,
1348 4154 1438 4205 bonum
1454 4155 1497 4220 qui
1510 4153 1659 4206 condiderit?

66 4231 111 4290 ἐστὶ
122 4233 229 4294 τὸκατά
241 4231 316 4316 ρὺσιν
331 4227 431 4314 αἱρετόν
448 4256 476 4291 τε
490 4231 535 4311 καί
550 4233 638 4316 ἐρετὸν
651 4223 730 4306 εἶναι,
747 4231 785 4302 τίς
798 4235 830 4293 ἀν
875 4240 976 4297 Quodsi
991 4255 1047 4304 ergo
1059 4254 1143 4292 verum
1159 4246 1210 4302 ost,
1228 4241 1294 4305 quod
1305 4243 1436 4293 secundum
1452 4249 1562 4294 naturam
1578 4243 1623 4307 sit,
1636 4250 1660 4295 ct

67 4315 138 4381 ἕλοιτο
151 4320 303 4406 ἀνθρώπων,
312 4320 358 4381 καί
368 4323 420 4379 τῶν
433 4325 480 4393 τῆς
491 4321 652 4404 ἀνθρωπίνης
663 4323 756 4404 ἀρετῆς
768 4345 831 4381 συν-
874 4327 978 4391 optabile
988 4332 1012 4378 et
1023 4327 1185 4392 expetendum
1195 4341 1261 4391 esse,
1274 4330 1328 4394 quia
1342 4331 1494 4393 mortalium,
1505 4333 1548 4396 qui
1559 4331 1659 4397 quidam

67 4411 221 4488 cumspicere,
242 4410 321 4493 ρυτὸν
340 4399 406 4469 ε’ίναι
425 4411 537 4488 μᾶλλον,
557 4409 575 4482 ῆ
592 4415 675 4470 ὑτιοῦν
696 4414 748 4470 τῶν
770 4410 832 4471 ἀλό-
874 4417 1002 4467 humanam
1012 4417 1286 4480 virtutemintetlererit,
1298 4411 1371 4484 stirps
1380 4419 1553 4484 autquodtibct
1561 4421 1659 4472 brutum

38 4511 56 4552 ιτ
67 4516 110 4570 γιον
120 4497 200 4578 ζώων,
217 4499 285 4581 ἥπερ
299 4496 431 4580 ἅνθρωπος
435 4522 443 4572 3
452 4495 537 4557 καίτοι
548 4497 593 4556 καί
604 4496 638 4557 τά
652 4497 734 4581 ρυτά,
745 4497 789 4558 καί
798 4497 831 4558 τά
874 4505 974 4566 ammai,
984 4517 1057 4568 quam
1067 4506 1151 4567 bomo,
1159 4519 1212 4557 csse
1222 4505 1421 4572 maiittquamvia
1429 4513 1454 4558 et
1460 4509 1547 4574 stirpes
1557 4515 1581 4560 et
1588 4509 1660 4561 bruta

68 4581 151 4664 ἄλογοι,
166 4586 251 4666 ἀγαθὰ
272 4586 392 4666 λέγομεν,
409 4589 435 4645 ἐν
449 4585 520 4654 τάξει
533 4586 583 4645 τινί
595 4593 641 4647 τοῦ
662 4588 772 4666 ἀγαθοῦ,
786 4587 831 4647 καί
875 4594 1003 4644 animantia
1014 4593 1077 4644 bena
1092 4607 1145 4644 esse
1158 4593 1275 4657 dicimus,
1286 4600 1352 4646 certo
1368 4596 1483 4647 nimirum
1492 4597 1575 4648 ordine
1586 4597 1662 4658 boni,

67 4675 167 4756 τῆπρὺς
185 4675 288 4748 ἄλληλα
312 4673 399 4756 ὑρίσει
416 4674 536 4756 περοίτωυ
562 4674 757 4758 ἀφωρισμένων.
798 4679 832 4738 Et
875 4685 899 4732 et
910 4681 997 4731 sinibus
1006 4682 1040 4731 ita
1049 4682 1194 4745 corastrtutis,
1210 4685 1237 4734 ut
1245 4684 1311 4733 atiud
1319 4685 1540 4736 atiisesubmittat.
1572 4686 1662 4737 Sirero

69 4757 91 4816 δὲ
107 4763 146 4821 καί
166 4763 204 4846 ἐρ’
217 4765 279 4841 ἡμῖν
294 4765 350 4822 ἐστι
371 4763 401 4823 τὸ
422 4767 526 4844 ἀγαθοῖς
540 4761 557 4836 ἢ
579 4765 669 4832 κακοῖς
683 4755 765 4842 εἶναι,
787 4765 832 4824 καί
875 4771 947 4821 etiarn
957 4771 1031 4820 situm
1039 4769 1064 4819 in
1077 4770 1147 4820 nobis
1159 4775 1209 4834 est,
1220 4777 1246 4822 ut
1256 4773 1294 4824 vel
1303 4773 1358 4824 boni
1369 4775 1457 4836 dorus,
1469 4775 1508 4825 vei
1519 4775 1590 4838 maii;
1601 4775 1623 4825 si
1635 4774 1659 4825 in

68 4847 145 4909 τούτου
160 4851 207 4922 τήν
221 4850 339 4920 ἐξουσίαν
355 4855 431 4930 ἡμεῖς
451 4850 554 4932 ἔχομεν,
568 4851 614 4911 καί
634 4855 709 4930 ἡμῶν
730 4851 794 4932 οὔτε,
806 4877 832 4912 τι
875 4864 957 4910 nostro
968 4859 1066 4909 arbitrio
1078 4860 1101 4910 id
1114 4859 1231 4924 positum,
1247 4876 1325 4926 neque
1338 4863 1470 4928 quidquam
1488 4868 1526 4915 est
1539 4861 1605 4929 quod
1617 4879 1658 4915 no·

40 4933 200 5016 οοάναγκοίσοιι
218 4939 274 5000 οὑτι
286 4938 403 4998 κωλύσαι
415 4938 522 4999 δύναται
540 4938 588 5012 τὴν
604 4939 702 5022 αἵρεσιν
723 4939 767 5000 κοιὶ
783 4941 831 5014 τήν
876 4953 950 4999 stram
959 4949 997 4998 rel
1006 4948 1154 4999 uoluntatem
1163 4951 1201 5000 vet
1210 4949 1394 5004 declinationem
1403 4953 1450 5003 utta
1459 4967 1489 5003 ex
1497 4959 1563 5016 parte
1571 4953 1609 5006 vei
1619 4967 1657 5004 cu·

69 5021 178 5102 ίικλισιν,
195 5027 273 5106 ἡμὲν
291 5026 367 5087 cteta
384 5027 449 5101 αὑτη
464 5028 537 5100 καὶὴ
556 5027 664 5106 δὺναμις
677 5033 694 5102 ή
709 5027 832 5098 αὐτεξοὺ-
878 5052 932 5102 gere
944 5038 983 5088 rel
994 5038 1120 5102 probibere
1130 5041 1207 5103 possit
1216 5056 1222 5090 :
1231 5041 1284 5092 bace
1292 5043 1348 5093 tatis
1359 5047 1444 5092 sutura
1453 5047 1477 5094 et
1487 5043 1524 5093 vis
1531 5043 1659 5106 libertatis,

70 5131 113 5180 (θος
142 5116 223 5195 σεμνή
240 5139 280 5184 τις
297 5117 376 5189 ἐστὶν,
393 5117 451 5194 ἐμοὶ
473 5118 556 5189 δοκεῖ,
572 5117 617 5175 καί
633 5115 833 5199 μεγαλοπρεπής
876 5127 1031 5190 meoiudicio,
1038 5127 1152 5191 praeclara
1164 5141 1203 5180 res
1210 5135 1256 5192 est,
1264 5135 1289 5181 et
1303 5131 1434 5195 magnifica,
1442 5131 1661 5196 etprincipoiis;at·

71 5199 108 5258 tat
125 5205 228 5288 ἀρχική·
247 5205 293 5265 καί
308 5203 432 5278 ὑταὺτην
447 5203 596 5278 ὑποστήσας
626 5205 721 5284 ἀγαθός
733 5228 771 5274 τις
788 5205 833 5265 καί
876 5215 1441 5284 queitiiusanctcrbonitateetpoteuttapraestat.
1456 5217 1660 5281 Stigituranimus

73 5285 161 5363 ἀυνατάς
177 5297 254 5356 ἐστιν.
295 5295 329 5355 Et
350 5293 377 5353 at
399 5293 465 5366 αὐτή
484 5317 547 5354 ποτε
561 5293 593 5353 δι’
604 5292 698 5368 ίαυτήν
711 5293 833 5377 παραρί-
876 5304 1104 5371 perseseaberrarit,
1112 5306 1349 5370 commendauerat,
1356 5307 1513 5372 penesipsum
1520 5307 1660 5372 esset3quts
