3802 5776
245 427 283 476 θθ
689 410 871 470 ΜΑΡΚΟΥ
898 405 1153 470 ΑΝΤΩΝΙΝΟΥ
1174 407 1232 481 ld,
1260 405 1290 464 ιθ’
1318 403 1410 463 --κε’.

248 549 303 616 λοις
317 542 364 625 μέν
379 534 445 604 εἶναι
458 541 600 616 τοιούτους,
616 541 701 610 ἀξιοῦν
717 538 743 599 δὲ
771 540 808 621 μὴ
822 538 897 608 είςσί
910 538 1028 620 ἁμαρτά·
1073 541 1721 608 attosutesstnt,nrodooonintepooomt‚ioiqnorn
1732 542 1864 604 eeoeetty·

245 659 308 716 νειν,
324 633 444 714 ἄγνωμον
457 627 503 692 καί
517 628 654 712 τυραννικά
671 676 678 690 .
1072 637 1203 686 τιαυίσυιιι.

288 723 330 785 ιθ’.
351 721 489 803 Τέσσαρας
501 718 618 800 μάλιστα
628 716 726 801 τρσπδς
739 721 786 778 τοῦ
801 720 957 797 ἡγεμονικοῦ
973 739 1028 774 πα·
1106 729 1142 775 ιθ.
1159 729 1279 784 Quattuor
1294 724 1447 788 potissimum
1465 723 1552 774 mentis
1563 721 1731 774 alienationes
1748 726 1863 786 perpetm

246 812 422 898 ραρυλακτέυν
436 811 576 882 διηνεκῶς,
590 807 635 869 καὶ
650 805 754 868 ἐπειδδιν
767 805 906 889 ρωράσης,
917 807 1029 865 ἀπαλει-
1072 813 1200 875 oaveudae,
1210 813 1264 864 etsi
1275 811 1372 876 quaudo
1388 825 1430 862 eas
1447 813 1476 862 tn
1491 815 1515 862 te
1530 810 1738 875 deprehenderis,
1751 807 1862 860 tolleudae

244 901 332 976 πτέον,
346 897 497 978 ἐπιλέγοντα
509 897 549 979 ἀφ’
563 895 674 956 ἑκάστου
687 896 780 963 οὕτως·
792 899 878 957 Τοῦτο
890 895 921 953 τὸ
933 892 1029 976 ράντα·
1073 916 1114 966 eo,
1126 901 1193 968 quod
1201 901 1232 952 de
1248 901 1348 964 siugulis
1360 900 1397 951 sio
1408 903 1487 951 ιεουυι
1498 899 1603 964 loqueris
1617 914 1624 949 ι
1640 901 1704 950 llaeo
1713 898 1801 962 opinio
1817 911 1862 946 nou

244 1015 300 1070 αμα
314 992 362 1050 οὔκ
375 990 525 1066 ἀναγκαῖον·
540 987 616 1046 τοῦτο
626 983 730 1044 δντνκθν
742 982 884 1050 κοινωνίας·
896 989 973 1042 τοῦτο
982 983 1029 1042 οὐκ
1072 995 1251 1047 eatueoesearia
1264 1010 1270 1043 :
1282 995 1329 1045 lroo
1340 994 1462 1045 societatis
1473 992 1598 1045 vinculum
1615 993 1689 1044 solvit
1709 1008 1716 1041 :
1735 992 1783 1042 lroc
1793 1005 1862 1042 nona

245 1077 297 1139 ἀπδ
311 1082 408 1139 σαυτοῦ
424 1074 527 1154 μέλλεις
539 1072 639 1151 λέγειν·
651 1071 682 1132 td
696 1070 747 1154 γὰρ
761 1069 799 1150 nl
815 1071 859 1154 ἀφ’
874 1074 966 1130 ἑαυτοῦ
982 1069 1028 1128 λε’·
1073 1089 1096 1134 ιε
1105 1084 1212 1135 dioturm
1223 1097 1266 1147 ee;
1277 1096 1325 1134 uon
1337 1087 1417 1135 autern
1429 1085 1475 1133 ate
1485 1081 1564 1133 dicere
1572 1083 1756 1146 ineptissimum
1768 1080 1860 1130 lroireto.

243 1189 297 1248 γειν
315 1169 341 1226 ἐν
361 1169 414 1232 τοῖς
432 1159 609 1228 ἀτοπωτέτοιτ
622 1158 720 1238 νόμιζε·
764 1157 898 1242 Τέταρτον
918 1158 946 1217 δέ
960 1160 1029 1230 ἔστι,
1072 1175 1190 1230 Quartum
1199 1175 1249 1232 est,
1265 1171 1291 1220 iu
1306 1184 1355 1234 quo
1368 1170 1412 1220 tibi
1431 1171 1482 1234 ipse
1497 1170 1642 1235 exprobras,
1661 1169 1790 1236 proticisci
1809 1169 1861 1219 ida

243 1257 301 1315 καθ’
317 1253 332 1313 δ
352 1254 454 1333 σεαυτῷ
467 1252 595 1322 ἀνειδιεῒς,
609 1247 650 1308 ὁτι
663 1253 739 1308 τοῦτο
750 1249 904 1326 ἡττωμένου
915 1246 970 1306 ἐστὶ
982 1246 1028 1305 καί
1073 1265 1140 1324 parte
1154 1259 1189 1309 tui
1204 1259 1322 1311 diviniore
1337 1258 1430 1310 devicta
1445 1262 1469 1310 et
1485 1259 1657 1310 succumbente
1674 1259 1740 1324 parti
1760 1259 1861 1321 oorporu

244 1337 518 1418 ὑποκατακλινομένου
537 1342 583 1397 τοῦ
608 1338 634 1396 ἐν
659 1336 701 1395 σοί
725 1335 855 1418 θειοτέρου
880 1335 972 1418 μέρους
994 1339 1027 1414 τῇ
1073 1348 1680 1414 vilionacmortrtiejunqueorassisvoluptatibus.

244 1429 388 1512 ἀτιμοτέρα
402 1427 448 1488 καί
463 1430 543 1507 θνητῇ
556 1424 636 1508 μοίρᾳ
650 1429 684 1507 τῇ
698 1431 743 1484 τοῦ
758 1423 893 1504 σώματος,
916 1423 961 1484 καί
972 1424 1030 1491 ταῖς

243 1518 338 1580 τούτου
351 1515 475 1598 παχείαις
485 1515 598 1588 ἡδοναῖς.

284 1607 319 1666 κ’.
340 1604 381 1667 Τδ
401 1602 448 1684 μίν
467 1599 627 1682 πνινμάτιύν
642 1625 704 1677 σου,
722 1601 768 1664 καὶ
783 1601 813 1663 τδ
829 1603 947 1683 πυρῶδες
965 1609 1028 1676 πᾶν,
1104 1621 1142 1672 20.
1160 1613 1448 1680 Animulatunomneque
1460 1615 1566 1678 igneum,
1575 1611 1858 1678 quantum'commistum

244 1693 305 1756 ὅσον
329 1692 500 1777 ἐγκέκραται,
524 1690 609 1752 καίτοι
630 1689 706 1772 φύσει
725 1695 845 1774 ἀνωρτρῆ
866 1691 942 1764 ὄντα,
960 1687 1030 1768 ὅμως
1073 1707 1125 1767 eet,
1137 1716 1285 1768 quamquam
1302 1705 1388 1754 natine
1404 1716 1502 1754 sursum
1519 1700 1638 1766 feruutur,
1651 1702 1738 1752 tamen
1755 1698 1858 1750 uniuersi

244 1783 386 1863 πειθόμενα
404 1786 437 1862 τῇ
457 1786 509 1841 τῶν
527 1780 594 1840 ὅλων
613 1779 745 1860 διατάξει,
764 1783 974 1863 παρακροτεῒται
988 1781 1029 1838 ἀν·
1073 1789 1667 1854 disperitiouiobtemperantia,hioinlraomaasa
1678 1788 1857 1840 oommixtude

244 1877 328 1934 ταῦθα
347 1871 447 1932 telem
465 1868 651 1954 συγκρίματος.
693 1867 748 1930 Καί
763 1868 793 1929 τδ
806 1869 900 1950 γεῶδες
918 1867 945 1928 δέ
958 1867 989 1927 od
1002 1870 1029 1927 ἐν
1072 1878 1188 1929 tiueutur.
1213 1878 1337 1943 Quidquid
1347 1878 1628 1944 porroirteterrenum
1637 1881 1661 1930 et
1669 1877 1802 1928 humidum
1812 1883 1857 1934 est,

245 1961 287 2024 σοί
304 1970 368 2036 πᾶν,
384 1958 430 2020 καί
445 1957 475 2018 τδ
489 1956 577 2041 ύγρδν,
597 1958 683 2018 καίτοι
704 1962 844 2042 κατωρερῆ
858 1956 938 2031 δντα,
959 1955 1030 2034 ὅμως
1073 1979 1220 2032 quamquam
1229 1966 1344 2018 deorsum
1350 1967 1438 2028 tenor,
1447 1971 1527 2018 tamen
1536 1981 1634 2018 sursum
1645 1967 1770 2017 attollitur
1781 1967 1856 2015 etsta·

245 2049 384 2134 ἐγήγερται
395 2047 441 2108 καί
455 2047 549 2120 έστηκε
563 2047 610 2119 τὴν
625 2049 675 2129 οὐχ
689 2049 789 2107 ἑαυτῶν
802 2045 913 2130 ρνσικὴν
927 2045 1028 2106 στάσιν.
1072 2058 1126 2106 tum
1138 2061 1239 2120 oooupet
1249 2069 1301 2106 eum
1312 2055 1389 2120 ipsius
1400 2058 1493 2106 naturae
1510 2069 1558 2106 non
1575 2055 1712 2120 proprium,
1731 2055 1772 2106 sio
1789 2055 1855 2118 igitur

244 2139 339 2207 Οὸτυις
350 2137 401 2220 ἄρα
415 2136 461 2196 καὶ
472 2134 506 2196 τδι
520 2144 637 2216 στοιχεῖα
651 2136 777 2196 ὑπακούει
790 2139 843 2204 τοῖς
858 2135 941 2210 ὅλοις,
956 2137 1028 2195 έπει-
1073 2145 1125 2208 ipsa
1136 2145 1254 2196 elementa
1271 2145 1385 2195 universo
1400 2145 1569 2208 obtemperant
1579 2148 1604 2195 et
1621 2147 1754 2210 postquam
1771 2143 1855 2193 alicubi

244 2227 291 2288 δάν
301 2251 351 2288 που
361 2229 516 2306 καταταχθῇ
525 2271 533 2300 ,
543 2224 590 2284 σύν
601 2222 646 2306 βίη
655 2223 765 2303 μένοντα
772 2269 781 2297 ,
792 2223 884 2306 μέχρις
894 2223 926 2284 ἀν
933 2223 1029 2283 ἐκεῖθεν
1074 2247 1116 2298 per
1131 2235 1182 2284 rim
1196 2234 1313 2285 oollooota
1325 2239 1395 2297 suut,
1408 2233 1441 2284 ibi
1450 2235 1605 2298 permanent,
1616 2233 1695 2285 doueo
1710 2234 1800 2284 iterum
1813 2232 1854 2280 dis·

243 2313 511 2393 πάλιντθένδύσιμον
522 2317 569 2386 τὴς
581 2311 723 2381 διαλύσεως
735 2313 852 2391 σημὴνη.
894 2315 935 2374 Oi
948 2313 1029 2372 δεινὸν
1074 2322 1201 2372 solutionis
1211 2322 1306 2386 siguum
1322 2322 1401 2373 datur.
1434 2325 1517 2374 Nonne
1534 2323 1608 2386 igitur
1622 2322 1793 2387 turpissimum
1810 2321 1854 2379 est,

243 2394 288 2464 σύν
313 2403 392 2482 μόνον
405 2401 435 2462 τδ
449 2399 535 2482 νοερόν
553 2424 599 2461 σον
613 2400 691 2482 μέρος
705 2399 809 2470 ἀπειθὲς
823 2379 888 2461 εἶναι
902 2402 947 2462 καὶ
962 2406 1028 2482 ἀγα·
1074 2412 1150 2462 solum
1172 2411 1209 2462 tui
1229 2418 1323 2476 portem
1341 2411 1433 2462 ratione
1456 2411 1584 2476 preditum
1603 2425 1657 2462 esse
1680 2410 1853 2472 immorigeraur

244 2497 348 2552 νακτεῖν
368 2496 401 2572 τῇ
421 2493 516 2549 ἑαυτοῦ
531 2489 622 2572 χύτρᾳ,
641 2489 725 2550 καίτοι
740 2488 813 2550 οὐδέν
826 2515 856 2570 γε
872 2490 956 2572 βίαιον
970 2491 1029 2551 τού·
1073 2503 1099 2550 et
1110 2500 1191 2551 locum
1203 2514 1276 2550 suum
1287 2499 1384 2564 indigue
1396 2500 1472 2550 terro?
1483 2500 1665 2565 quamquamei
1682 2499 1746 2549 nilril
1762 2497 1852 2562 quidem

243 2605 282 2664 τιρ
298 2578 482 2653 ἐπιτάσσεται,
497 2579 555 2637 ἀλλ’
570 2577 587 2636 ά
604 2576 671 2655 μύνα
686 2577 755 2638 κατδι
767 2578 844 2662 φύσιν
858 2579 928 2640 ἐστίν
943 2582 1029 2661 αύτῷ·
1074 2590 1179 2653 pervim
1188 2589 1330 2653 imponitur,
1341 2588 1385 2639 aed
1394 2603 1422 2639 ea
1435 2593 1543 2652 tautum,
1555 2602 1610 2653 qum
1620 2591 1717 2639 naturae
1735 2588 1787 2652 ejus
1803 2599 1852 2634 oon·

244 2673 274 2728 οὐ
289 2668 376 2748 μέντοι
391 2667 529 2748 ἀνέχεται,
550 2666 619 2726 titt
636 2665 684 2739 τὴν
704 2668 822 2732 ἐναντίαν
836 2667 950 2750 φέρεται.
994 2671 1029 2733 ‘H
1074 2677 1215 2728 veniunt-
1229 2679 1344 2729 ettamen
1355 2691 1404 2728 nou
1416 2677 1535 2740 sustinet,
1547 2677 1591 2728 aed
1602 2677 1627 2728 iu
1639 2675 1768 2728 adversam
1784 2675 1848 2724 lentur

243 2755 295 2839 γὰρ
307 2757 351 2816 έπί
360 2755 395 2816 τδι
408 2755 560 2834 ἀδικήματα
567 2799 575 2830 ,
588 2753 634 2814 καί
643 2754 676 2814 τά
689 2755 913 2836 ἀκολαοτὴματα,
927 2759 1030 2830 καὶτὰς
1075 2767 1167 2830 μετίοιεν
1181 2781 1187 2814 :
1200 2769 1282 2816 motus
1291 2767 1370 2828 enirn,
1380 2779 1429 2830 quo
1441 2764 1470 2815 ad
1482 2765 1757 2830 injuriaa‚roluptatrrm
1769 2761 1851 2812 blandi·

244 2843 337 2926 ὄργᾶς,
350 2844 395 2904 καί
409 2843 456 2912 τὰς
473 2842 573 2917 λύπας,
589 2843 635 2903 καί
647 2842 706 2912 τοὺς
720 2843 816 2927 φόὅνυτ
828 2843 941 2920 κίνησις,
955 2848 1027 2909 οὐδέν
1075 2855 1136 2918 tiae,
1148 2855 1223 2918 uam,
1240 2855 1365 2919 dolorem,
1382 2856 1474 2904 metum
1493 2854 1583 2912 fertur,
1598 2853 1658 2904 uilril
1669 2853 1738 2904 aliud
1754 2853 1800 2912 est,
1810 2849 1849 2900 nisi

244 2933 310 2993 ἄλλο
329 2933 399 2992 ἐστίν
425 2929 818 3016 ἡάρισταμένουτὴςρύσεως.
860 2934 988 2997 Καίθταν
1003 2939 1031 2998 δέ
1074 2942 1304 2994 delectioauatura.
1337 2943 1482 3002 Quinetiam
1490 2940 1849 3006 meus,quumaliquideorum,

242 3047 294 3084 τινι
304 3027 356 3084 τῶν
371 3020 568 3101 συμύαινύντων
581 3020 739 3104 δυσχεραίνῃ
754 3021 785 3082 τδ
797 3025 963 3102 ἡγεμονικὸν,
978 3052 1030 3087 κα-
1074 3045 1129 3096 qum
1147 3031 1271 3092 oocidunt,
1281 3045 1343 3095 aegre
1355 3030 1414 3093 sert,
1424 3031 1553 3082 stationem
1567 3043 1637 3080 suam
1645 3030 1737 3081 deserit
1754 3027 1799 3078 :ad
1808 3026 1849 3090 pie·

242 3111 363 3172 totelenei
377 3110 422 3172 καί
436 3109 495 3171 τότε
508 3109 556 3184 τὴν
571 3107 775 3194 ἐαυτοῦχιὸραν.
819 3113 847 3172 Π
904 3113 1028 3188 ὁσιότητα
1073 3119 1266 3170 tatemeuimet
1279 3119 1379 3169 deorum
1392 3119 1569 3170 uenerationem
1584 3132 1633 3168 σου
1643 3119 1726 3170 minue
1742 3119 1795 3167 uota
1805 3117 1849 3172 eet,

242 3200 294 3284 γδρ
308 3202 353 3261 καί
366 3199 515 3262 θεοσέῦειαν
529 3197 740 3260 κατεσκεύασται
774 3203 824 3282 ούχ
853 3225 913 3262 ττον
937 3203 1030 3288 ἡπρὸς
1073 3221 1147 3272 quam
1163 3207 1195 3258 ad
1208 3207 1336 3270 justitiam.
1370 3211 1430 3258 itam
1450 3207 1501 3258 liaeo
1512 3208 1744 3272 quoqueiueorum
1755 3215 1847 3256 numero

244 3289 418 3363 δικαιοσύνην.
462 3288 517 3351 Καί
530 3288 580 3372 γὰρ
592 3294 676 3349 ταῦτα
691 3292 718 3349 ἐν
732 3288 794 3350 είδει
811 3290 867 3350 ἔστί
880 3294 927 3364 τῆς
941 3296 1029 3354 rixer—
1073 3295 1405 3361 umt,quoeadsooietatem
1421 3295 1564 3348 servandam
1582 3295 1687 3360 looiuut,
1706 3297 1781 3347 immo
1798 3303 1848 3340 rem

244 3377 388 3453 νωνησίας,
411 3380 511 3458 μᾶλλον
532 3378 560 3438 δὲ
580 3377 745 3460 πρεσὸύτερα
765 3383 817 3439 τῶν
837 3379 1029 3464 δικαιοπραγη-
1071 3385 1144 3448 iustis
1154 3383 1290 3434 actionibus
1300 3385 1444 3450 antiquiora·

244 3491 344 3546 ματων.

283 3555 337 3614 κα’.
358 3544 398 3640 ‘ti
413 3552 450 3632 μὴ
466 3545 502 3622 εἷς
513 3553 559 3615 καί
572 3559 587 3616 ὁ
601 3553 678 3623 αύτύς
690 3557 760 3615 ἐστιν
776 3556 817 3616 ἀεὶ
831 3563 876 3617 τοῦ
893 3557 949 3640 βίον
964 3582 1028 3619 ono-
1108 3567 1146 3612 21.
1164 3563 1209 3614 Cui
1220 3575 1270 3612 nou
1281 3575 1358 3612 uuum
1368 3562 1482 3627 idemque
1492 3561 1551 3614 vitre
1562 3563 1689 3614 oonsiliurn
1702 3562 1782 3624 est,is
1793 3570 1846 3608 unm

243 3642 306 3718 πδς,
322 3633 396 3711 οὸτος
411 3636 448 3711 εἷς
468 3643 514 3702 καί
534 3643 642 3712 ὁαύτύς
653 3645 685 3703 δι’
700 3643 760 3704 ὅλου
774 3651 819 3705 τοῦ
838 3646 895 3726 βίον
915 3639 982 3708 εἶναι
999 3652 1028 3708 ού
1072 3649 1185 3715 idemque
1200 3664 1244 3715 per
1260 3652 1337 3702 ίθῑνιν
1356 3650 1430 3701 lilim
1445 3663 1498 3702 t²⁸⁵⁵&
1516 3663 1564 3701 νῦν
1578 3653 1666 3716 Wlffli-
1698 3654 1781 3714 Νθθῑῑθ
1797 3659 1846 3696 Μ’)

243 3731 363 3793 δύναται.
405 3734 465 3792 oen
480 3734 497 3791 ἀ
514 3729 594 3790 xoret
610 3731 640 3790 τδ
653 3731 855 3813 εἷρημένον,έδν
871 3733 909 3813 μὴ
923 3737 1029 3796 κάκεῖνο
1072 3738 1173 3802 sufficit,
1186 3739 1252 3804 quod
1263 3739 1355 3790 dicum
1371 3745 1421 3801 est,
1441 3740 1487 3790 nisi
1499 3740 1573 3790 etiam
1585 3739 1610 3790 id
1630 3739 1765 3800 addideris,
1781 3734 1844 3799 quale

242 3820 471 3903 προσθῇς,ὁποῖον
484 3754 551 3879 τίνοι
563 3820 702 3879 δεῖτοῦτον
712 3819 756 3879 τδν
771 3819 878 3882 σκοπόν.
919 3820 1028 3907 ’Ὥσπερ
1071 3826 1119 3878 hoo
1132 3827 1429 3878 eonsiliumeseedebeat.
1463 3827 1674 3888 Quemadmodum
1683 3829 1749 3878 enirn
1757 3838 1802 3875 uon
1812 3835 1845 3870 ra·

242 3910 294 3991 γάρ
306 3911 381 3990 ούχὴ
391 3907 497 3969 πάντων
508 3911 561 3967 τῶν
575 3911 694 3967 ὁπωσοῦν
706 3915 759 3976 τοῖς
769 3907 872 3970 πλείοσι
883 3910 1027 3972 δοκούντων
1072 3914 1128 3965 dem
1139 3918 1177 3966 est
1187 3915 1268 3978 opinio
1280 3915 1310 3966 de
1320 3915 1405 3978 bonis,
1414 3928 1470 3979 quae
1481 3927 1580 3980 quoquo
1592 3913 1665 3964 modo
1681 3913 1746 3964 bona
1757 3923 1805 3962 esee
1816 3905 1844 3953 ti·

243 3999 348 4077 ἀγαθῶν
357 3996 486 4078 ὁπύληψις
494 3993 573 4073 ὁμοία
583 3995 662 4070 ἐστίν,
676 3995 733 4056 ἀλλ’
743 3998 933 4068 ἡτῶντοιῶνδέ
941 4024 1027 4076 τινων,
1072 4003 1160 4054 deutur
1171 4003 1335 4066 multitudini,
1348 4004 1389 4054 sed
1402 4004 1432 4054 de
1442 4003 1516 4054 oeulis
1526 4001 1687 4068 quibusdam,
1703 4001 1807 4056 honest,
1820 3993 1844 4042 dt

241 4085 360 4145 τουτέστι
372 4088 425 4144 τῶν
436 4089 542 4144 κοινῶν·
557 4083 625 4144 οὕτω
636 4084 682 4145 καί
693 4085 737 4146 τὸν
752 4085 849 4146 σκοπδν
864 4088 903 4146 δεῖ
915 4087 959 4148 τὸν
973 4113 1029 4149 κοι-
1072 4090 1256 4156 communitum
1266 4092 1300 4143 ita
1309 4091 1417 4142 etiamid
1432 4092 1560 4143 eonsilium
1572 4091 1643 4142 uobis
1659 4085 1844 4154 proponendum,

243 4172 349 4234 νωνικδν
375 4173 421 4234 καί
446 4172 579 4234 πολιτικὸν
613 4173 822 4246 ὑποστήσασθαι.
865 4174 896 4236 Ὁ
920 4175 970 4258 γάρ
994 4179 1029 4248 εἷς
1071 4179 1138 4247 quod
1160 4180 1268 4230 societati
1287 4180 1410 4231 communi
1430 4183 1455 4230 ot
1470 4180 1563 4230 oiritoti
1584 4177 1788 4230 aerommodotum
1805 4171 1842 4220 etl·

241 4268 332 4321 τοῦτον
350 4263 438 4331 πάσας
455 4260 503 4330 τδς
522 4260 589 4331 ἰδίας
608 4260 692 4345 ὁρμδς
706 4259 855 4321 ἀπευθύνων
881 4261 969 4331 πάσας
982 4259 1030 4332 τθις
1071 4271 1106 4321 ld
1121 4269 1167 4320 hoo
1179 4269 1242 4319 euim
1262 4269 1305 4334 qui
1316 4283 1401 4320 omues
1419 4271 1588 4320 suosoouatue
1599 4268 1694 4332 dirigit,
1710 4267 1732 4316 io
1751 4263 1843 4314 artiones

241 4347 348 4431 πράξεις
361 4349 454 4429 ὁμοίας
467 4350 612 4426 ἀποδώσει,
632 4350 678 4410 καί
695 4349 764 4411 κατὰ
777 4356 854 4410 τοῦτο
866 4351 907 4410 ἀεὶ
923 4355 937 4410 ὁ
952 4351 1029 4420 αὐτὸς
1072 4355 1117 4408 stoi
1127 4357 1217 4408 similes
1230 4357 1369 4423 prostabit,
1382 4363 1406 4408 et
1418 4357 1462 4408 hoo
1469 4358 1561 4408 ratione
1572 4369 1736 4421 semperuuus
1745 4352 1842 4410 idemque

242 4437 326 4500 έσται.
1071 4445 1126 4497 erit.
1501 4461 1504 4468 ·
1578 4482 1623 4502 ς..

281 4528 335 4588 κθ.
356 4527 411 4591 Tio
431 4533 481 4608 μῦν
495 4526 540 4589 τδν
554 4528 665 4610 δρεινδν,
680 4527 783 4588 καὶτὸν
797 4527 965 4603 κατοικίδιον,
982 4529 1028 4589 καί
1103 4543 1141 4587 22.
1159 4539 1253 4586 Murem
1263 4541 1404 4587 montanum
1416 4538 1441 4588 et
1452 4534 1621 4600 domesticum,
1632 4539 1656 4586 et
1662 4534 1841 4598 hojosparoreu

241 4616 289 4689 τὴν
303 4617 397 4678 πτοίαν
409 4616 501 4678 τούτου
515 4617 561 4678 καί
575 4616 739 4691 διασύύησιν.
1072 4626 1097 4676 et
1106 4625 1298 4689 trepidationem.
1842 4613 1843 4634 ¹

281 4706 333 4786 κγ’.
354 4706 500 4788 Σωκράτης
511 4707 556 4766 καί
566 4704 600 4766 et
611 4709 663 4766 τῶν
675 4708 780 4766 πολλῶν
791 4706 910 4788 δὸγματα
921 4707 1029 4788 Λαμίας
1104 4719 1141 4765 23.
1162 4717 1272 4766 socrates
1293 4715 1367 4766 etiam
1396 4715 1464 4779 vulgi
1485 4715 1572 4780 pluoita
1590 4712 1685 4765 Lamias
1707 4703 1840 4776 appellabat,

242 4791 467 4869 έκάλιι,παιδίων
481 4794 604 4874 δείματα.
1071 4801 1230 4867 puerulorum
1240 4803 1443 4854 terriculamenta.

280 4882 331 4943 κδ.
352 4882 557 4964 Λακεδαιμόνιοι
569 4885 623 4952 τοῖς
637 4881 684 4962 μὲν
699 4881 777 4954 ξένοις
789 4887 816 4944 ἀν
834 4894 890 4952 ταῖς
906 4883 1025 4966 θεωρίαις
1049 4921 1052 4983 γ
1104 4895 1142 4942 il.
1160 4891 1335 4942 lnoedaemonii
1362 4892 1496 4956 peregrinio
1514 4891 1560 4943 uult
1582 4891 1670 4941 umbra
1695 4889 1774 4942 sedem
1793 4878 1840 4931 νῦν·

240 4967 293 5029 ὁπδ
307 4974 340 5051 τῇ
355 4981 418 5054 σκιᾷ
435 4969 469 5030 τδι
485 4969 570 5053 βάθρα
584 4971 718 5032 ἐτίθεσαν·
737 4972 811 5033 αὐτοί
824 4972 866 5047 δὲ,
879 4965 910 5033 oi
923 4972 1025 5054 ἔτυχεν,
1050 4991 1052 5002 ·
1072 4980 1176 5044 guebout
1196 4981 1221 5030 iu
1238 4981 1399 5046 spectaculis:
1421 4981 1481 5046 ipsi,
1498 4981 1540 5031 ubl
1558 4981 1607 5030 toro
1627 4979 1730 5042 terebat,
1748 4967 1839 5025 conside

240 5057 399 5128 ἐκαθέζοντο.
1049 5034 1138 5137 lirant

280 5147 331 5210 κά.
352 5150 401 5232 Τῷ
416 5147 553 5232 Περδίκκᾳ
570 5153 584 5210 ὁ
603 5147 749 5234 Σωκράτης
761 5148 822 5232 περί
836 5154 882 5209 τοῦ
898 5148 934 5228 μὴ
949 5149 1027 5232 ἔρχε-

241 5239 301 5299 σθαι
316 5235 379 5322 παρ’
392 5235 478 5313 oiseii,
496 5266 508 5290 o
522 5238 597 5313 Ἵνα,
610 5239 676 5324 έρη,
689 5237 726 5318 μὴ
743 5243 781 5321 τῷ
796 5237 913 5320 κακίστῳ
931 5238 1028 5322 ὀλέθρῳ
1105 5255 1143 5299 25.
1162 5249 1273 5300 Socrates
1284 5247 1420 5310 Perdiccae,
1436 5245 1500 5312 quod
1513 5246 1542 5296 ad
1561 5259 1654 5296 erenum
1676 5257 1723 5294 non
1736 5235 1832 5292 veuitlti
