3814 5792
344 375 377 416 vr
931 350 1142 414 PRAEFATIO.

341 519 493 612 Apparet
504 525 625 582 autem
639 536 749 610 quam
765 511 867 584 facile
882 511 1033 607 σωμάτων
1051 505 1100 578 ob
1113 509 1410 608 cuparradeadem
1428 509 1550 608 phrasi
1566 507 1680 580 inciu-

340 644 498 715 sainhoc
508 643 728 716 vocabulum
740 643 840 716 abire
849 649 1021 741 potuerit.
1035 647 1250 739 Fragmento
1261 640 1305 714 δα
1318 641 1504 738 legebatur
1514 635 1683 720 caddonac

340 789 384 869 τῷ
401 783 522 872 σώματι
540 831 548 860 ,
570 775 671 873 quod
689 775 847 848 faciliore
864 777 1071 874 conjectura
1086 774 1204 847 sanari
1220 787 1360 871 poterat
1379 799 1488 872 quam
1507 776 1691 878 Schweig,

342 909 575 983 haeuseriana.
596 911 800 1006 Fragmenti
822 908 865 981 35
887 909 999 981 tinem
1030 909 1079 980 ita
1106 907 1299 1004 scriptum,
1331 909 1400 977 ἔνθα
1421 902 1456 978 tt
1477 907 1513 978 iu
1536 915 1578 1006 μὴ
1599 923 1681 1006 παρῇ

340 1177 465 1248 dicina
483 1174 668 1268 relictum,
692 1175 789 1248 idem
811 1175 926 1248 codex
944 1190 1089 1274 praestat
1110 1174 1302 1269 integrum.
1321 1179 1365 1246 In
1389 1175 1590 1274 fragmento
1618 1175 1659 1249 51
1674 1110 1690 1268 ,l

341 1314 456 1386 codex
480 1313 648 1403 brevius,
676 1306 765 1384 οὐδὲν
795 1321 930 1408 κρεῖσσον
948 1307 1198 1409 μεγαλοψυχίας,
1226 1309 1278 1379 καὶ
1303 1313 1488 1407 πρᾳότητος,
1508 1314 1561 1383 καὶ
1581 1271 1699 1416 prim-l,

338 1043 440 1136 νῆψις,
464 1045 582 1124 πειθοῦς
598 1047 684 1126 τέλος
700 1045 764 1123 εἰκῆ
783 1073 816 1116 σε
832 1049 958 1141 παρέχει
971 1037 1169 1114 tranuntur
1186 1094 1195 1129 ,
1222 1055 1259 1111 et
1283 1040 1330 1112 ab
1353 1041 1492 1115 editore
1510 1043 1588 1116 sine
1608 1067 1682 1115 me·

340 1450 485 1544 θρωπίας.
512 1445 716 1544 Fragmenti
740 1445 807 1543 169
836 1445 1006 1516 lacunam
1032 1441 1202 1514 sarsimus
1234 1465 1276 1513 ex
1300 1443 1489 1517 codicibus
1507 1443 1685 1516 Heerenii.

340 1585 477 1676 Fragm.
493 1573 647 1676 ι7Δ,οὐδ’
663 1573 750 1656 ἥδιον
769 1573 851 1675 (pro
871 1575 966 1674 vulg.
986 1571 1072 1648 οὐδὲν
1092 1571 1135 1649 δι’
1154 1581 1211 1677 ὧν)
1232 1578 1386 1674 conjecit
1421 1577 1529 1649 etiam
1556 1577 1688 1648 Coracs

345 1702 391 1774 ad
409 1703 555 1774 Enchir.
571 1727 639 1799 pag
661 1727 738 1773 120.
1671 1711 1676 1722 '

389 1829 600 1922 Fragmenta
617 1823 734 1894 crucis
754 1823 857 1919 signo
880 1837 1002 1894 notata
1020 1821 1142 1897 dubiae
1161 1841 1248 1898 sunt
1269 1823 1513 1914 auctoritatis,
1544 1847 1689 1899 cavero

341 1973 422 2046 quae
437 1949 544 2047 plane
561 1947 699 2018 nullam
716 1945 851 2019 habere
868 1946 1104 2039 videbantur,
1128 1949 1338 2036 delevimus.

396 2177 694 2242 Drssanrarrouns
722 2173 884 2242 Eercrnrr
905 2172 951 2244 ab
979 2176 1133 2244 Arriano
1158 2173 1271 2245 literis
1297 2172 1478 2244 mandatae
1501 2189 1569 2270 pet
1595 2171 1694 2243 hanc

348 2296 549 2368 editionem
568 2295 696 2365 ceteris
712 2295 966 2391 parabiliorem
989 2298 1066 2394 jam
1096 2299 1321 2394 frequentius
1348 2312 1384 2368 et
1411 2296 1617 2395 apluribus
1644 2295 1693 2369 le·

348 2435 447 2492 ctum
464 2419 508 2490 iri
528 2417 770 2508 confidimus,
799 2443 909 2515 quam
932 2419 1053 2492 adhuc
1080 2446 1159 2492 esse
1185 2422 1295 2493 lectas
1325 2421 1561 2519 repperimus.
1587 2425 1694 2511 Nam,

348 2547 419 2617 nisi
445 2544 534 2616 saliit
557 2545 683 2641 opinio
699 2569 740 2615 ex
762 2547 904 2644 scriptis
923 2545 1149 2620 eruditorum
1167 2545 1363 2619 hominum
1378 2563 1571 2646 concepta,
1586 2548 1693 2645 pauci

343 2671 515 2741 virtutem
547 2669 693 2740 illorum
724 2694 956 2761 sermonum,
988 2673 1202 2743 Horatianos
1231 2671 1428 2769 sepissime
1457 2673 1494 2742 in
1531 2686 1692 2743 mentem

344 2795 615 2884 revocantium,
646 2795 731 2864 satis
762 2797 946 2891 cognitam
967 2793 1187 2867 habuerunt.
1218 2798 1467 2895 Expressimus
1496 2799 1616 2868 coma
1642 2822 1695 2869 re-

346 2921 594 3016 cognitionem
626 2917 1024 3015 Schweighaeuserianae
1060 2921 1303 3010 recensionis,
1331 2921 1381 2992 ita
1415 2918 1565 3018 quidem
1588 2934 1628 2991 ut
1654 2921 1691 2991 in

346 3042 457 3114 dubia
479 3043 657 3140 scriptura
685 3043 882 3140 judicanda
906 3044 1096 3142 utriusque
1115 3045 1183 3115 viri
1209 3044 1308 3116 docti
1332 3059 1542 3142 argumenta
1560 3024 1694 3117 exauri-

346 3193 526 3239 naremus.
549 3171 589 3237 Et
612 3167 804 3283 videbatur
822 3167 929 3240 nobis
952 3170 1268 3268 praestantissimus
1287 3171 1434 3242 Graecus
1454 3169 1600 3266 triginta
1621 3169 1694 3241 fere

347 3291 435 3362 locis
453 3290 584 3387 injuria
607 3288 809 3362 discessisse
832 3289 877 3361 ab
902 3291 1041 3362 editore
1063 3293 1300 3380 Germanico,
1326 3291 1517 3391 aliquoties
1543 3307 1695 3390 uterque

348 3416 531 3488 immerito
551 3416 729 3512 sprevisse
750 3414 851 3513 quod
872 3415 909 3486 in
931 3415 1143 3488 melioribus
1163 3416 1352 3489 codicibus
1373 3419 1550 3516 scriptum
1569 3430 1693 3489 exstat.

348 3541 502 3611 Eximias
540 3539 716 3638 quasdam
748 3540 998 3636 conjecturas,
1027 3565 1108 3638 quae
1142 3541 1404 3614 delitescebant
1439 3543 1477 3614 in
1506 3541 1694 3613 Addendis

349 3664 666 3762 Schweighaerrseri
699 3680 733 3736 et
762 3667 885 3736 Corais
923 3669 1205 3758 commentari0,
1242 3669 1280 3739 in
1318 3693 1433 3758 eum,
1470 3693 1544 3765 quo
1577 3666 1695 3764 dignae

349 3805 475 3879 eraut,
508 3789 628 3860 locum
654 3790 867 3886 recepimus.
886 3789 1073 3862 Vocabula
1090 3772 1173 3888 'quae
1195 3793 1378 3864 asteriscis
1401 3791 1612 3887 cinguntur,
1632 3791 1695 3863 de-

350 3915 458 3989 lenda
477 3941 555 3987 esse
572 3930 695 3986 censet
713 3917 864 4004 Coraca,
885 3939 966 4013 quae
986 3916 1113 4007 uncis,
1134 3915 1180 3988 de
1198 3918 1406 4014 conjectura
1429 3916 1655 3989 inseruntur.

400 4143 582 4210 srnrncn
600 4141 871 4210 commutarim
887 4139 925 4208 in
944 4138 1176 4212 Eucharidion
1186 4191 1197 4230 ,
1214 4139 1258 4211 iis
1279 4141 1344 4237 qui
1362 4139 1608 4238 philosophiae
1625 4155 1696 4211 stu·

351 4262 411 4334 dia
433 4264 676 4362 auspicantur,
693 4265 909 4337 utilissimus
921 4265 1017 4337 lectu
1035 4265 1140 4356 liber,
1162 4266 1286 4338 multis
1303 4264 1394 4336 locis
1409 4264 1623 4338 emendatus
1642 4281 1696 4336 est

353 4411 395 4457 ex
417 4387 653 4459 annotatione
667 4388 997 4486 Schweighaeuseri.
1018 4391 1166 4462 Numeri
1180 4391 1218 4461 in
1230 4415 1376 4462 summo
1391 4391 1554 4487 margine
1567 4389 1694 4462 dextro

354 4514 463 4610 positi
487 4513 636 4610 paginas
666 4513 830 4586 indicant
856 4514 1263 4612 Schweigkoemerr'aznoe,
1291 4515 1329 4586 in
1355 4514 1464 4606 laevo,
1491 4517 1695 4586 Heinsianoe

355 4637 537 4709 editionis.

403 4890 557 4958 Maxmo
573 4891 687 4958 Trmo
706 4887 858 4985 contigit
883 4905 923 4961 ut
947 4893 1223 4963 Ducertationes
1244 4890 1290 4963 ab
1311 4892 1392 4991 ipso
1418 4891 1561 4990 scriptae
1589 4907 1626 4963 et
1656 4891 1693 4962 in

355 5011 496 5110 optimo
522 5010 648 5084 codice
669 5029 899 5085 servarentur
919 5029 954 5087 et
980 5041 998 5088 a
1023 5017 1325 5114 praestantissimis
1348 5017 1504 5109 criticis,
1529 5019 1692 5102 Davz'sro,

356 5134 587 5225 Marlslcrmlo,
619 5138 780 5229 Ret'slo‘o,
821 5159 999 5237 quantum
1033 5143 1110 5215 fieri
1151 5160 1293 5241 poterat
1324 5170 1344 5216 a
1373 5160 1581 5243 temporum
1609 5135 1693 5216 tabe
