3784 5782
665 318 901 378 NOTAUONES
929 320 1082 381 MORUM.
1103 341 1204 381 ae—oo.

508 451 579 512 KO'.
1300 457 1397 517 XXIX

390 584 691 644 nrnononnntnz.
1047 587 1369 649 CONSECTXTIONIS
1390 591 1658 654 IMPROBORUM.

159 739 163 748 '
192 721 286 803 [Ἔστι
302 719 330 780 δὲ
344 725 362 792 ἡ
376 720 545 803 ριλοπονηρία
557 719 682 797 ἐπιθυμία
697 719 798 787 κακίας·
813 725 827 780 ὁ
841 717 867 778 δὲ
883 743 927 800 ρι-
998 725 1149 774 consectatio
1163 725 1326 788 improborum
1335 732 1372 776 est
1384 727 1490 778 studium
1500 729 1631 792 pravitatis.
1663 735 1744 783 Homo

156 807 296 890 λοπόνηρός
307 811 362 868 ἐστι
374 807 474 866 τοιόσδε
484 831 538 885 τις,
548 797 599 874 οἷος
611 807 774 888 έντυγροίνειν
784 809 836 873 τοῖς
848 803 928 878 iem-⁸
967 816 1046 860 autem
1054 812 1215 873 improborum
1222 819 1369 862 consectator
1375 814 1439 864 hisee
1451 816 1742 868 moribosestzeonreniro

128 919 141 957 s
155 897 240 976 μένοις
260 896 305 956 καὶ
322 894 460 972 δημοσίους
471 899 574 974 ἀγῶνας
591 894 738 975 ὠφληκόσι,
750 894 795 953 καί
808 895 927 970 ύπολαμ·
969 898 1028 947 solet
1044 898 1213 950 condemnatos
1227 903 1251 949 et
1260 900 1301 963 qui
1311 901 1334 948 in
1344 901 1445 963 publicis
1456 901 1645 963 lodioiiseeussa
1654 905 1743 955 oeoide·

154 987 250 1056 όοίνειν,
271 984 316 1042 til
329 982 427 1050 τούτοις
447 988 559 1062 χρῆται,
577 982 758 1063 ἐμπειρότερος
775 981 928 1060 γενήσεσθαι
967 989 1032 1044 ιυιιι,
1039 985 1087 1034 tore
1094 987 1241 1047 existimans,
1250 987 1287 1036 his
1294 987 1315 1036 si
1322 993 1470 1051 consuescat,
1477 991 1588 1039 utrorum
1598 991 1743 1054 experientia

154 1071 391 1154 καίροάερόιτερος.
436 1071 490 1130 Καὶ
503 1070 547 1130 ἐπὶ
566 1075 619 1137 τοῖς
631 1078 755 1152 χρηστοῖς
773 1072 865 1145 εἰπεῖν,
883 1068 929 1134 Ὡς
968 1077 1081 1133 augeatur
1092 1077 1117 1122 et
1131 1077 1252 1124 metuatur
1270 1075 1352 1136 magis.
1386 1078 1421 1126 De
1436 1077 1518 1139 probis
1532 1091 1609 1140 quum
1624 1085 1743 1143 narratur,

154 1160 261 1239 γίνεται·
271 1159 315 1219 καὶ
325 1163 423 1240 φῆσαι,
433 1161 469 1224 ὡς
477 1157 558 1222 οὐθείς
568 1161 623 1217 εὀτι
634 1157 759 1237 χρηστὸς,
772 1156 817 1216 καὶ
827 1155 929 1235 ὁμοίους
969 1157 1039 1218 dicit,
1050 1163 1081 1209 ut
1090 1159 1150 1210 solet
1159 1159 1224 1222 lieri3
1235 1165 1260 1210 et
1275 1161 1394 1211 neminem
1404 1176 1458 1212 esse
1468 1177 1518 1227 pree
1526 1165 1573 1215 olio
1585 1167 1685 1228 probum
1695 1167 1742 1227 ait,

154 1249 253 1314 πάντας
273 1237 347 1304 εἶναι.
389 1244 444 1306 Καὶ
464 1247 609 1324 ἐπισκῆψαι
628 1244 668 1317 δὲ,
688 1244 715 1312 ὃς
732 1242 844 1324 χρηστός
865 1245 927 1300 ἐστι·
969 1245 1111 1296 sedaimlles
1127 1249 1189 1297 inter
1206 1261 1233 1298 se
1248 1261 1338 1298 ornnes.
1370 1251 1531 1313 ueprehendtt
1552 1253 1612 1302 adeo
1628 1267 1684 1302 eum
1701 1254 1745 1316 qui

118 1351 142 1388 ιο
156 1332 218 1410 (καί)
231 1332 274 1390 τδν
287 1331 399 1413 πονηρὸν
414 1331 441 1389 δὲ
453 1332 534 1389 εἰπεῖν
545 1329 684 1410 ἐλεύθερον.
725 1330 791 1391 ’llil
804 1329 929 1408 βούληταί
969 1331 1118 1393 probusest;
1135 1333 1270 1398 improbum
1286 1339 1366 1385 autem
1382 1335 1562 1386 dicitliberum.
1593 1337 1618 1387 si
1634 1339 1745 1401 qoislde

153 1442 192 1486 νος
203 1423 239 1486 οἷς
252 1419 315 1478 n*'*
328 1419 374 1478 χοὶ
385 1421 430 1493 (θ),
442 1417 475 1476 ιὰ
488 1415 535 1496 μὲν
545 1417 612 1475 ἄλλοι
623 1419 757 1496 θμολοροῖν
770 1419 854 1490 ἀληθῆ
866 1415 929 1497 θιιὲρ
970 1417 1066 1468 homine
1078 1419 1139 1469 male
1148 1420 1212 1482 epod
1223 1434 1308 1472 omnes
1314 1422 1429 1472 audiente
1440 1424 1581 1472 sententiam
1590 1423 1665 1486 ipsius
1674 1425 1745 1488 scire)

155 1508 233 1564 αὐτοῦ
253 1505 373 1585 λέγεσθαι
384 1505 434 1563 ὑπὸ
453 1508 505 1562 τῶν
527 1503 676 1584 ἀνθρώπων,
696 1509 752 1563 ἔνια
773 1504 800 1564 δὲ
821 1508 929 1583 ἀγνοεῖν·
969 1506 1048 1568 cupit,
1060 1512 1137 1556 cetera
1148 1507 1245 1570 quidem
1262 1509 1395 1572 quasdeeo
1407 1510 1479 1573 vulgo
1495 1511 1609 1574 tuantur,
1621 1513 1746 1563 rusleta·

157 1593 224 1672 [καί]
239 1599 320 1674 φῆσαι
335 1593 382 1670 μὲν
395 1591 472 1650 αὐτὸν
487 1593 568 1670 εὐφυῆ
587 1591 631 1650 καί
648 1589 793 1673 φιλέταιρον
810 1593 855 1651 καί
872 1593 930 1650 ἐπι.
969 1589 1044 1652 θῑιυι,
1056 1606 1109 1642 esse
1123 1598 1204 1642 tamen
1222 1608 1277 1658 quae
1288 1596 1425 1658 ignorentur
1441 1611 1448 1646 :
1463 1597 1520 1646 irino
1533 1599 1627 1660 egregie
1643 1612 1699 1648 eurn
1710 1600 1746 1649 in·

154 1679 243 1752 λέξων,
257 1679 302 1738 χαλ
317 1677 485 1737 διατείνεσθαι
497 1677 525 1736 δὲ
536 1675 600 1758 nni?
614 1681 708 1750 αὐτοῦ,
720 1681 754 1744 ὡς
768 1679 814 1736 οὖν
830 1676 930 1736 gumi.
969 1677 1036 1739 dole,
1051 1679 1183 1729 amicorum
1199 1681 1333 1731 studiosum
1344 1687 1370 1732 et
1381 1684 1449 1734 valde
1461 1685 1548 1735 scitum
1565 1699 1618 1736 esso
1634 1685 1710 1748 dioet,
1722 1691 1746 1738 et

117 1789 140 1828 ιι
154 1790 234 1845 χηκεν
254 1765 382 1846 ἀνθρώπῳ
401 1763 561 1846 ἱκανωτέρῳ.
605 1765 659 1824 Καί
674 1765 760 1831 εύνους
775 1763 802 1822 δέ
815 1755 881 1823 είναι
891 1769 929 1844 τῷ
970 1767 1128 1826 munerabit,
1147 1781 1173 1816 se
1189 1768 1255 1817 lraud
1273 1783 1378 1832 unquam
1398 1770 1511 1821 incidisse
1527 1773 1688 1824 inluminent
1705 1774 1747 1825 illo

154 1857 180 1912 ἐν
199 1852 326 1933 ἕνκληοίρ
340 1850 470 1930 λέγοντιῆ
484 1851 526 1909 ἐπὶ
546 1853 705 1932 διχοοι-ιιρίῳ
718 1855 869 1932 κρινομένῳ·
884 1851 930 1911 χοὶ
969 1860 1166 1916 prestantiorem.
1199 1855 1266 1906 idem
1283 1856 1347 1906 iavet
1357 1858 1484 1920 unicuique
1494 1858 1536 1920 qui
1547 1860 1585 1909 rel
1598 1859 1622 1908 in
1634 1862 1747 1912 concione

148 1939 366 2020 προσκαθήμενος
384 1938 411 1997 δέ
425 1941 506 1996 εἰπεῖν
521 1939 613 2010 δεινὸς,
627 1944 662 2004 ὡς
679 1941 708 1998 οὐ
724 1941 764 1996 δεῖ
775 1939 819 1996 τόν
834 1939 928 2020 ἄνδρα,
969 1953 1078 1990 caussam
1088 1955 1156 1991 snam
1168 1941 1240 2003 dicit,
1250 1944 1287 1991 vel
1297 1943 1417 2004 injudicio
1426 1959 1482 1994 reus
1491 1946 1581 2009 agitur;
1590 1948 1698 2010 adeoque
1709 1962 1747 1998 as·

154 2027 222 2087 ἀλλὰ
235 2028 265 2087 τὸ
281 2037 391 2108 πρᾶγμα
404 2026 543 2106 κρίνεσθαι·
557 2027 603 2085 χαὶ
617 2031 699 2106 φῆσαι
718 2026 795 2085 αὐτὸν
809 2025 874 2084 χῦνα
893 2018 928 2085 εἷ.
970 2026 1050 2078 sitietis
1066 2029 1088 2078 el
1103 2029 1232 2091 ριῖθύίῦθί,
1249 2043 1297 2080 tion
1310 2031 1431 2081 hominem
1445 2033 1547 2094 judicati
1564 2043 1687 2097 oportere,
1704 2037 1747 2086 sed

154 2140 197 2174 ναι
209 2123 256 2174 τοῦ
271 2117 362 2192 δήμου·
377 2114 514 2195 φυλάττειν
532 2113 584 2195 γὰρ
601 2115 678 2172 αὐτὸν
695 2113 753 2181 τοὺς
771 2115 929 2182 ἀδικοῦντας
970 2127 1034 2178 rems
1046 2119 1084 2178 et,
1096 2130 1178 2166 canem
1199 2117 1263 2168 huuc
1283 2132 1336 2168 esse
1351 2120 1446 2182 penulis
1465 2121 1529 2170 lune
1546 2123 1609 2171 enim
1625 2137 1705 2174 arcere
1723 2129 1748 2174 et

115 2222 141 2260 no
153 2203 199 2262 καὶ
214 2204 304 2274 εἰπεῖν,
318 2207 352 2268 ὡς
366 2205 415 2279 οὐχ
427 2201 516 2276 ἕξομεν
530 2200 590 2268 τούς
602 2200 667 2281 ὑπὲρ
680 2205 731 2258 τῶν
745 2205 836 2260 κοινῶν
851 2223 929 2261 συνοι-
970 2203 1106 2265 propulsare
1115 2205 1366 2266 iuiissiffllfflnisssetffl
1377 2210 1461 2269 titini
1473 2222 1479 2256 ²
1491 2213 1515 2258 θί
1526 2208 1664 2266 tdd1i2N⁰ss
1676 2211 1748 2262 habe·

153 2288 388 2370 χθοοθηοομένοος,
400 2288 430 2345 ἂν
441 2286 500 2355 τοὺς
511 2286 640 2354 τοιούτους
650 2291 800 2367 προώμεθα,
841 2288 929 2356 Διινθς
970 2288 1050 2340 bimus
1061 2291 1101 2352 qui
1119 2292 1254 2353 reipublicae
1266 2293 1341 2343 vicem
1352 2294 1463 2356 doleant,
1476 2295 1496 2344 si
1508 2295 1567 2346 tales
1580 2297 1645 2347 rinos
1656 2297 1746 2348 desera-

154 2379 181 2435 δὲ
195 2377 240 2435 καὶ
255 2381 434 2457 προστατῆσαι
448 2375 563 2456 φαύλων,
575 2376 620 2434 καί
634 2377 801 2455 συνεδρεῦσαι
812 2378 839 2432 ἐν
854 2377 930 2434 itm-
970 2388 1031 2426 mus.
1062 2377 1207 2428 Soletetiam
1219 2384 1337 2442 patronus
1348 2394 1401 2430 esse
1416 2381 1594 2443 improborum,
1609 2387 1633 2432 et
1647 2385 1747 2434 oonsilio

154 2465 266 2544 οτηρίθις
284 2463 327 2524 ἐπὶ
346 2471 467 2544 πονηροῖς
486 2463 640 2542 πράγμασι,
669 2464 714 2522 χαλ
731 2463 814 2544 κρίσιν
836 2463 930 2544 κρίνων
970 2463 1076 2513 conferte
1088 2465 1112 2514 in
1128 2465 1224 2526 judiciis
1239 2465 1270 2516 dd
1288 2479 1327 2516 l'eS
1343 2468 1432 2528 muas,
1450 2475 1475 2518 ei
1488 2469 1512 2518 in
1530 2469 1571 2520 iiie
1583 2471 1712 2532 judicanda
1723 2473 1747 2522 in

154 2555 304 2633 ἐκδέχεσθαι
315 2553 349 2610 ait
359 2552 409 2610 ὑπὸ
422 2553 474 2610 τῶν
490 2551 624 2610 ἀντιδίκων
638 2551 766 2629 λεγόμενα
778 2551 821 2611 ἐπί
833 2551 863 2610 τὸ
873 2559 931 2632 χεῖ·
970 2551 1076 2614 pejorem
1090 2555 1180 2614 partem
1197 2555 1304 2616 itiitere
1320 2567 1375 2618 llll&
1391 2556 1421 2606 ab
1434 2555 1576 2606 adversariis
1589 2558 1747 2619 imittuntur·

116 2660 140 2699 ’.ια
155 2669 205 2725 ρον.
248 2641 358 2723 [Καίτδ
376 2639 436 2701 dior
455 2639 625 2722 ριλοπονηρία
639 2640 737 2722 ἀδελρή
753 2643 931 2711 testeiam-
971 2637 1008 2702 [ln
1026 2639 1165 2690 universum
1179 2641 1341 2702 improborum
1356 2643 1501 2692 consectatio
1510 2646 1547 2693 est
1560 2657 1627 2694 soror
1636 2647 1747 2708 improbi-

154 2731 253 2810 νηρίας,
265 2731 310 2790 καί
330 2728 423 2800 ἀληθές
436 2729 492 2786 ἔστι
510 2728 539 2786 τδ
559 2734 605 2799 τῆς
623 2727 779 2808 παροιμίας,
795 2726 826 2786 τό
843 2725 930 2805 ὅμοιον
970 2725 1028 2775 tatis
1033 2741 1041 2786 ;
1053 2729 1078 2776 et
1088 2727 1183 2776 veritati
1191 2726 1261 2777 anne
1267 2729 1305 2776 est
1314 2727 1380 2789 quod
1392 2728 1416 2778 in
1426 2729 1552 2791 proverbio
1563 2730 1659 2792 dieitur,
1672 2731 1748 2781 sinite

153 2821 217 2900 πρὸς
228 2819 259 2876 τὸ
269 2817 355 2895 ὅμοιον
366 2815 567 2896 πορεύεσθαι.]]
971 2815 1115 2900 se'oonlerra
1125 2815 1155 2864 ad
1167 2811 1263 2869 simile]

495 2971 589 2984 —
1313 2967 1412 2981 -

528 3058 560 3118 n'
1320 3055 1401 3115 XXX

370 3199 711 3260 ΑΙΣΧΡΟΚΕΡΔΕΙΑΣ.
1084 3197 1327 3258 GUPIDITATIS
1348 3200 1463 3262 tuctu
1484 3203 1636 3264 TURPIS.

113 3367 139 3404 nn
193 3341 242 3420 [Ἡ
256 3338 284 3397 δὲ
302 3336 498 3419 αἷσχροκέρδειοί
519 3340 574 3396 ἔστι
587 3338 750 3416 περιποίησις
771 3336 876 3416 κέρδους
889 3339 930 3394 ui·
1001 3323 1230 3408 Αῐσχροκέρδειασάι
1247 3345 1364 3408 appetitio
1381 3347 1440 3397 lueri
1455 3348 1541 3412 turpis.
1573 3353 1652 3401 Homo
1666 3357 1747 3404 ιυῑειιι

152 3433 242 3508 cypet-
259 3427 315 3485 ἔστι
333 3427 361 3485 δὲ
383 3431 495 3490 τοιοῦτος
513 3428 526 3482 δ
547 3424 746 3504 αἰσχροκερδὴς,
768 3417 819 3490 οἶος
838 3427 929 3482 ἑστιῶν
970 3429 1200 3493 turpilucricupidus
1213 3432 1265 3482 talis
1278 3436 1328 3494 est,
1343 3434 1385 3496 qui
1397 3437 1486 3484 amieos
1499 3436 1686 3499 aecipiens,non
1697 3444 1747 3490 tan·

153 3517 244 3596 ἄρτους
262 3513 365 3580 ἱκανούς
380 3511 417 3590 μὴ
436 3518 601 3592 παραθεῖναι·
615 3512 659 3570 καὶ
673 3510 840 3569 δανείσασθαι
855 3509 929 3590 παρὰ
969 3521 1022 3565 turn
1032 3517 1115 3580 panis,
1128 3524 1244 3580 quantum
1257 3520 1358 3580 suffieit,
1371 3529 1487 3585 apponat;
1502 3525 1528 3572 et
1535 3524 1567 3572 el)
1580 3524 1672 3588 hospite
1682 3528 1746 3589 apud

152 3603 223 3670 ξένου
237 3601 299 3680 παρ’
314 3603 384 3678 αύτῷ
402 3597 583 3685 καταλύοντος·
605 3595 650 3656 καί
667 3596 795 3674 διανέμων
810 3597 929 3678 μερίδας,
970 3603 1048 3665 ipsum
1070 3604 1211 3654 deversante
1227 3607 1352 3669 ροουοίοιιι
1375 3611 1454 3658 sumat
1472 3613 1589 3660 mutuam.
1622 3612 1747 3663 Portiones

152 3695 248 3772 φῆσαι,
267 3687 365 3746 δίκαιον
379 3678 444 3746 εἶναι
459 3686 573 3766 δίμοιρον
583 3690 621 3766 τῷ
640 3683 788 3762 διανέμοντι
800 3687 928 3755 δίδοσθαι,
969 3692 1079 3744 dividens
1090 3693 1114 3741 in
1126 3705 1223 3755 mensa,
1232 3693 1324 3754 justum
1340 3707 1393 3744 esse
1409 3695 1482 3752 dicit,
1499 3701 1525 3746 ut
1538 3697 1573 3758 ei,
1592 3699 1633 3761 qui
1649 3697 1747 3760 dividit,

113 3799 137 3836 τι
152 3775 197 3836 καί
211 3775 284 3841 εὐθὺς
296 3777 367 3854 αύτῷ
380 3772 493 3852 νεῖμαι]
534 3772 588 3833 Καὶ
601 3774 760 3848 οἰνοπωλῶν,
770 3780 929 3852 κεκραμένον
969 3777 1222 3842 σοιυτθυριοςουιιιι
1237 3781 1465 3832 statimsibisumit.
1497 3787 1654 3847 cauponans,
1671 3788 1747 3836 amieo

150 3865 194 3924 ,θν
211 3855 277 3922 οἶνον
297 3866 336 3942 τῷ
355 3861 421 3942 ρνλιμ
442 3860 593 3921 θνοοθθοθοι,
636 3861 691 3920 Kal
712 3859 834 3919 ἐπιθέον
856 3885 928 3933 νηνι.
968 3863 1072 3914 dilutum
1087 3865 1170 3914 vinum
1186 3866 1282 3916 vendet.
1315 3867 1397 3917 Ludos
1414 3871 1466 3918 turn
1485 3869 1583 3920 dernurn
1597 3873 1642 3921 ibit
1657 3879 1747 3936 speeta-

150 3957 236 4010 ιιαῦτα
262 3949 429 4030 πορεύεσθαι,
456 3947 526 4026 ἄγων
547 3948 605 4014 τοὺς
632 3949 708 4018 υἱεῖς,
727 3947 805 4018 ἡνίκα
832 3953 927 4029 προῖκα
968 3951 1214 4015 turn‚iiliosquoque
1230 3953 1696 4019 suosadducens,quandotlreatronim
1711 3975 1746 4010 re·

152 4041 258 4118 ἀριᾶοιν
275 4039 298 4094 οἱ
317 4039 469 4114 θεατρῶναι.
512 4035 568 4095 Καί
587 4037 729 4111 ἀποδημῶν
750 4036 876 4115 δημοσίῳ,
899 4035 929 4094 τὸ
968 4039 1104 4103 demptores
1115 4040 1187 4102 gratis
1196 4043 1296 4104 spectari
1306 4044 1454 4104 permittunt.
1487 4045 1746 4109 Quumlegatuspere·

151 4125 198 4202 μὲν
210 4127 240 4182 ἐκ
252 4129 299 4194 τῆς
312 4121 412 4188 πόλεως
434 4121 532 4202 ἐρόδιον
551 4120 617 4180 οίκοι
630 4124 792 4194 καταλιπεῖν,
808 4123 882 4203 παρὰ
901 4123 928 4182 δὲ
968 4140 1009 4188 gre
1020 4127 1185 4190 proficiscitur,
1201 4129 1314 4178 viaticum
1330 4130 1395 4192 qrrod
1407 4131 1501 4193 publice
1513 4133 1618 4195 aceepit,
1632 4134 1746 4196 relinquit

114 4238 138 4276 to
151 4215 203 4270 τῶν
222 4209 441 4290 συμπρεσύευτῶν
460 4208 628 4276 δανείζεσθαι.
671 4210 726 4269 Καὶ
740 4213 777 4290 τῷ
796 4209 927 4291 ἀκολούθῳ
967 4214 1045 4274 dorni,
1056 4221 1080 4266 et
1095 4216 1191 4264 asociis
1203 4216 1325 4277 legationis
1340 4223 1426 4266 mutuo
1443 4221 1518 4280 rogat.
1536 4220 1636 4269 Farnuio
1652 4221 1746 4270 itineris

152 4303 240 4376 μεῖζον
251 4297 354 4378 ρορτίον
372 4299 498 4356 ἐπιθεῖναι
532 4295 549 4366 ἢ
566 4295 673 4372 δύναται
689 4296 787 4377 φέρειν,
803 4299 848 4356 καί
867 4299 928 4356 diei-
968 4303 1052 4350 conniti
1072 4303 1175 4352 sarcinas
1189 4303 1290 4366 imponit
1305 4304 1368 4352 ultra
1383 4319 1455 4367 quam
1471 4305 1511 4354 ille
1527 4306 1588 4356 terro
1607 4307 1701 4366 valent,
1714 4309 1743 4356 ad

152 4409 231 4465 χιστα
250 4385 383 4456 ἐπιτήδεια
403 4384 478 4462 [τῶν]
494 4383 725 4463 όλλωνπαρέχειν.
768 4385 822 4444 Καί
842 4384 928 4452 ξενίων
968 4389 1206 4453 victumantennipse
1219 4391 1433 4441 minimnomniurn
1446 4393 1545 4454 praebet.
1560 4395 1744 4444 Lautiasienm

153 4473 179 4532 δὲ
195 4471 271 4553 μέρος
284 4472 313 4530 τὸ
328 4477 406 4530 αὑτοῦ
424 4471 572 4542 ἀπαιτήσας
587 4471 738 4530 ἀποδόσθαι.
780 4472 834 4532 Καί
853 4475 927 4531 ἀλει-
967 4477 1235 4540 aliisaooeperit,suam
1243 4479 1376 4540 portionem
1386 4480 1445 4542 petit
1456 4482 1480 4529 et
1491 4481 1582 4530 rendit.
1614 4482 1744 4533 Inbalneis

153 4559 262 4640 ρόμενος
284 4562 311 4617 ἐν
326 4563 363 4639 τῷ
385 4556 526 4638 βαλανείῳ,
548 4557 594 4615 καί
615 4556 707 4634 εἰπὼν,
727 4557 834 4638 Σαπρόν
851 4581 881 4637 γε
896 4559 927 4618 αθ
966 4562 1062 4625 lavans,
1074 4566 1173 4627 puerulo
1184 4566 1314 4628 appellato,
1330 4569 1391 4616 Nam
1408 4567 1487 4617 hercle
1506 4572 1544 4628 tu,
1556 4569 1646 4631 inquit,
1662 4570 1742 4620 oleum

110 4667 138 4706 ιο
151 4647 237 4706 ἔλαιον
252 4644 348 4726 ἐπρίω,
364 4649 401 4726 τῷ
414 4631 609 4726 παιδαρίῳ,’τῷ
624 4644 751 4724 ἀλλοτρίῳ
766 4644 926 4726 ἀλείφεσθαι.
966 4652 1038 4700 nirnis
1050 4652 1171 4701 rancidum
1188 4655 1305 4702 mercatus
1317 4667 1358 4714 σος
1377 4660 1401 4703 οι
1413 4655 1484 4704 simul
1500 4655 1578 4706 alieno
1596 4671 1623 4706 se
1639 4657 1742 4720 inungit.

154 4734 208 4794 Καὶ
220 4737 271 4790 τῶν
290 4731 478 4810 εὑρισκομένων
491 4735 597 4812 χαλκῶν
614 4735 640 4789 ἓν
658 4733 715 4798 ταῖς
728 4733 793 4798 ὁδοῖς
813 4731 863 4791 ὑπὸ
874 4737 926 4791 τῶν
967 4739 1056 4798 Quodsi
1068 4753 1129 4800 quos
1140 4740 1202 4788 servi
1214 4753 1301 4790 numus
1310 4753 1399 4802 aereos,
1410 4747 1438 4791 nt
1447 4741 1487 4804 nt,
1497 4741 1521 4791 in
1532 4744 1572 4792 via
1583 4746 1742 4807 reppererint,

152 4823 257 4877 οἰκετῶν
279 4817 358 4884 δεινδς
380 4821 525 4888 ἀπαιτῆσαι
543 4817 573 4875 τὸ
587 4818 678 4898 μέρος,
696 4815 780 4874 κοινὸν
796 4807 860 4874 εἶναι
876 4817 926 4897 pn}-
966 4829 1057 4889 partem
1069 4827 1124 4892 inde
1139 4827 1184 4876 sibi
1199 4832 1293 4890 poscet,
1306 4827 1365 4877 illud
1380 4843 1510 4892 usurpans,
1526 4832 1672 4881 Mercurium
1689 4846 1742 4882 esse

152 4907 254 4974 σαςτδν
269 4907 381 4985 Ἑρμῆν.
424 4906 493 4986 [Kal
509 4905 612 4983 ίμοίτιον
626 4907 745 4962 ἐκδοῦναι
757 4906 866 4976 πλῶναι,
881 4905 925 4962 καί
966 4927 1124 4962 communem.
1155 4914 1255 4972 Quando
1274 4915 1371 4977 pallium
1387 4916 1469 4967 lulloni
1485 4917 1703 4978 deditlarandurn,
1717 4925 1740 4968 et

152 4993 315 5074 χρησόμενος
326 4991 398 5072 παρὰ
416 4991 557 5072 γνωρίμου,
579 4991 717 5072 ἐρελκύσοιι
733 4991 840 5058 πλείους
860 4991 926 5068 ἡμέ-
966 5001 1087 5050 familiaris
1102 5002 1191 5051 interea
1203 5002 1365 5052 commodavit
1378 5004 1399 5054 ei
1412 5018 1483 5054 suum
1497 5005 1626 5064 utendum,
1636 5004 1699 5056 diem
1711 5006 1741 5053 de

116 5099 140 5137 oo
154 5107 211 5162 ρας,
228 5080 275 5148 ἕως
292 5080 322 5138 ἀν
340 5085 479 5160 ἀπαιτηθῇ·
502 5077 566 5160 καὶ]
584 5078 617 5137 τά
633 5084 748 5138 τοιαῦτα.
790 5079 925 5160 Φειδωνίῳ
965 5090 1003 5140 die
1021 5089 1128 5140 extrahet
1150 5091 1277 5152 quominus
1293 5090 1389 5154 reddat,
1408 5093 1484 5143 donee
1497 5091 1629 5154 llagitetur;
1646 5095 1670 5142 et
1685 5106 1740 5156 quie

1592 5200 1615 5243 2.
