3814 5792
374 414 400 460 ιι
899 399 1112 461 PRAEFATIO.

375 544 523 644 reliquis
547 543 721 641 dignitate
747 549 845 645 paria
873 572 951 619 esse
976 549 1093 619 evicit.
1122 551 1309 636 Ceterum,
1335 561 1376 618 ut
1395 546 1490 636 dixi,
1507 548 1616 620 verba
1634 549 1708 648 ipsa
1902 629 1903 642 ρ

374 669 614 766 Theophrasti
632 697 821 770 superesse
838 688 950 771 put0,
968 672 1072 744 valde
1090 673 1283 771 depravata
1297 688 1332 743 et
1343 671 1483 770 aliquot
1496 673 1584 744 locis
1599 673 1708 744 inter·

373 793 513 890 polata3
529 794 686 892 plurima
707 812 828 866 autem
847 797 980 868 omissa
1008 821 1085 867 esse
1101 810 1136 868 et
1155 796 1302 892 disjecta
1324 795 1370 868 ab
1391 796 1707 893 epitomatoribus,

372 917 462 990 adeo
477 933 517 990 ut
538 918 693 991 oratricem
720 937 889 992 notarum
912 922 950 992 iu
977 921 1228 993 notationibus
1251 920 1401 1016 siugulis
1419 946 1493 993 non
1512 921 1561 993 ita
1576 936 1712 993 temere

372 1042 530 1114 tribuam
551 1044 812 1143 Theophrasto.
836 1050 966 1117 Verum
992 1047 1038 1118 de
1062 1045 1188 1118 haere
1216 1071 1297 1143 quae
1324 1045 1479 1118 dicenda
1503 1045 1644 1134 habeo,
1670 1007 1714 1116 inl

370 1168 469 1239 aliud
496 1184 640 1266 tempus
668 1172 813 1242 remitto
835 1199 843 1242 ε
864 1197 963 1242 nuuc
983 1171 1028 1243 de
1048 1171 1209 1243 editione
1226 1185 1349 1242 nostra
1369 1170 1625 1268 exponendum
1643 1134 1717 1241 estl

420 1297 543 1380 Quum
558 1295 664 1365 multi
679 1296 763 1367 satis
778 1322 845 1394 pro
860 1297 1011 1369 arbitrio
1022 1298 1153 1369 versati
1168 1311 1290 1368 essent
1304 1297 1340 1366 in
1353 1295 1412 1367 his
1422 1295 1707 1385 characteribus,

369 1413 466 1486 hanc
485 1415 576 1486 mihi
594 1416 709 1513 legem
725 1419 850 1514 scripsi
869 1419 906 1488 iu
926 1417 1087 1488 editione
1108 1420 1204 1490 notis
1226 1432 1261 1489 et
1279 1432 1450 1515 apparatu
1474 1442 1549 1488 uon
1568 1403 1707 1488 'iustru-

371 1557 445 1634 cta,
465 1559 507 1614 ut
528 1544 753 1640 optimorum
773 1544 942 1615 codicum
963 1547 1150 1642 scripturae
1165 1569 1278 1616 essem
1303 1568 1414 1640 quam
1435 1543 1705 1632 tenacissimus3

373 1692 481 1764 aqua
502 1693 576 1739 non
598 1667 819 1740 discederem
845 1671 913 1740 nisi
933 1695 1074 1741 summa
1096 1669 1385 1766 conjecturarum
1406 1682 1468 1740 aut
1489 1669 1706 1740 necessitate

372 1807 436 1862 aut
457 1790 638 1864 evidentia
663 1793 886 1892 compulsus.
907 1798 1026 1882 Quare
1045 1809 1233 1891 corrupta,
1259 1817 1406 1883 manca,
1426 1793 1576 1888 disjecta
1595 1792 1707 1864 multa

369 1913 575 2014 relinquere
601 1918 710 1990 malui
743 1945 852 2018 quam
884 1946 1012 1993 eorum
1046 1920 1265 1993 emendandi
1298 1921 1393 1992 viam
1427 1918 1706 2018 improbabilem

282 2113 284 2118 ,
368 2043 483 2140 sequi.
507 2043 725 2130 Quindecim
753 2045 1000 2117 characterum
1025 2045 1168 2117 codices
1193 2044 1301 2142 longe
1325 2045 1450 2116 ceteris
1483 2044 1707 2140 antiquiores

366 2193 481 2265 quum
508 2171 650 2241 Parisiis
673 2187 882 2264 serventur,
903 2171 1202 2269 operaepretium
1232 2169 1346 2242 facere
1371 2170 1495 2268 putavi
1519 2171 1550 2240 si
1572 2195 1704 2242 consu·

368 2291 479 2363 lerem
505 2293 647 2364 iterum.
679 2299 726 2366 Ac
750 2295 824 2366 vidi
850 2297 986 2368 amicos
1012 2295 1211 2366 Needhami
1237 2319 1311 2365 uon
1334 2295 1458 2366 omnia
1481 2293 1706 2384 exhausisse,

369 2415 534 2513 quaedam
557 2418 665 2489 etiam
687 2418 776 2491 salso
796 2419 1006 2510 tradidisse,
1025 2434 1066 2490 ut
1084 2419 1177 2490 inlra
1195 2418 1383 2517 apparebit
1407 2445 1415 2489 ι
1442 2417 1600 2490 sednon
1623 2416 1705 2488 ideo

366 2566 433 2612 sua
456 2540 563 2613 laude
585 2541 776 2614 fraudandi
801 2560 904 2634 sunt,
923 2545 988 2642 qui
1012 2544 1049 2615 in
1077 2544 1255 2641 scriptura
1277 2543 1522 2623 minutissima
1540 2556 1575 2614 et
1597 2565 1707 2613 omne

367 2689 481 2760 genus
495 2642 726 2765 compendiis
746 2670 1013 2742 intricatissima
1026 2667 1199 2761 pleraque
1215 2682 1312 2740 recte
1330 2666 1582 2739 intellexerint.
1598 2669 1703 2737 Atre·

367 2791 548 2862 cautiores
571 2791 730 2865 editores
757 2795 908 2865 miratus
932 2820 1012 2865 sum
1038 2819 1167 2866 omues
1192 2793 1317 2864 multis
1341 2791 1429 2864 locis
1452 2807 1586 2864 temere
1608 2790 1706 2863 dese·

364 2914 478 2986 ruisse
499 2929 634 2987 textum
653 2917 867 3010 Needhami,
884 2919 930 2990 ad
944 2919 1197 3016 antiquissima
1212 2917 1433 2990 documenta
1451 2916 1704 3003 constitutum,

364 3036 498 3108 chartis
522 3039 744 3135 quibusdam
764 3043 882 3140 quinti
899 3041 1031 3114 decimi
1053 3040 1175 3114 saeculi
1195 3041 1308 3136 magis
1324 3038 1488 3110 fidentes.
1508 3041 1557 3108 Ex
1575 3036 1701 3108 iisdem

362 3161 545 3234 veteribus
566 3165 788 3238 membranis
804 3181 840 3238 et
860 3166 939 3238 aliis
958 3165 1150 3238 codicibus
1172 3165 1353 3254 intellexi,
1371 3163 1417 3235 ab
1439 3159 1702 3234 recentioribus

364 3297 484 3370 fletam
498 3326 576 3374 esse
592 3301 760 3372 usitatam
776 3301 929 3372 formam
946 3302 1156 3391 titulorum,
1172 3301 1240 3398 περὶ
1257 3299 1421 3395 εἰρωνείας,
1456 3297 1523 3394 περὶ
1540 3297 1704 3393 ἀρεσκείας
1771 3295 1777 3308 ’

362 3454 478 3528 quum
496 3434 621 3532 scripti
637 3433 722 3505 libri
740 3434 930 3505 rectiorem
951 3433 1102 3505 modum
1125 3432 1352 3531 praecipiant,
1394 3431 1594 3526 Θεοφράστου
1607 3459 1703 3526 χαρα-

362 3581 481 3664 κτῆρις.
503 3571 649 3667 εἰρωνείας
668 3583 785 3666 πρῶτος
810 3569 878 3664 (sic
895 3568 1170 3666 antiquissimus
1189 3576 1235 3657 A,
1253 3591 1329 3638 non
1347 3556 1403 3666 α’).
1422 3571 1580 3649 κολακείας
1591 3569 1636 3662 β’,
1669 3578 1704 3635 et

364 3702 557 3791 Palatinus,
573 3706 613 3784 ις’
624 3710 783 3800 χαρακτὴρ
799 3697 1046 3798 δεισιδαιμονίας.
1061 3743 1109 3755 -
1123 3701 1222 3771 Ultra
1237 3699 1419 3771 decimum
1433 3701 1605 3798 quintum
1619 3697 1701 3770 cha-

364 3842 539 3900 racterem
561 3828 686 3925 scripti
715 3825 806 3898 nihil
830 3825 1009 3924 reperitur
1027 3825 1181 3897 Parisiis.
1206 3829 1260 3895 De
1283 3824 1445 3897 Palatino
1468 3823 1594 3896 codice
1619 3846 1702 3894 rere

364 3950 455 4022 dixit
478 3951 634 4024 Orellius
660 3979 668 4020 :
695 3949 823 4022 alllud
855 3975 1004 4048 quoque
1036 3949 1259 4041 dolendum,
1294 3949 1396 4049 quod
1426 3948 1702 4022 Siebenkeesius

362 4101 479 4174 quum
508 4075 729 4173 negligenter
754 4075 1002 4172 descripsisset
1030 4075 1194 4147 codicem
1216 4075 1309 4166 Pal,
1334 4074 1572 4171 negligentius
1594 4073 1700 4144 etiam

365 4201 443 4297 ejus
465 4227 589 4274 curam
605 4200 760 4273 ediderit
772 4201 928 4272 Goezius.
949 4205 1071 4272 »Nam
1091 4201 1129 4270 iu
1149 4199 1488 4298 quinqueremibus
1502 4199 1564 4270 aeri
1577 4197 1700 4269 incisis

362 4344 417 4399 ter
427 4329 518 4400 male
533 4329 617 4426 legit
633 4327 929 4419 Siebenkeesius,
944 4343 985 4399 ut
998 4327 1045 4398 ad
1061 4325 1166 4398 Char.
1182 4330 1258 4397 XVl
1274 4325 1410 4397 notabo
1425 4353 1434 4416 ;
1449 4325 1562 4398 Goezii
1579 4337 1698 4394 autem

361 4454 576 4551 negligentia
611 4455 784 4527 omuibus
815 4455 1013 4526 manifesta.
1044 4453 1235 4551 Specimeu
1261 4451 1351 4522 illud
1381 4451 1516 4524 codicis
1547 4448 1699 4521 Palatini

360 4602 476 4675 quum
508 4579 640 4651 ductus
669 4580 849 4679 quosdam
878 4579 1025 4670 reserat,
1061 4579 1124 4675 qui
1156 4576 1248 4648 mihi
1273 4602 1349 4648 non
1377 4575 1596 4648 videbantur
1622 4597 1700 4645 esse

360 4727 469 4801 posse
488 4704 626 4777 librarii
644 4707 779 4798 Graeci,
795 4706 943 4802 coniugi
962 4706 1007 4777 ad
1025 4703 1229 4776 doctrinam
1249 4717 1285 4774 et
1300 4701 1565 4774 humanitatem
1582 4697 1698 4771 excel-

359 4827 552 4901 lentissimi
567 4835 674 4904 Hxsu
690 4861 698 4904 ε
715 4835 777 4932 qui
794 4835 1008 4933 opinionem
1024 4854 1140 4903 meam
1158 4829 1338 4930 probavit,
1358 4843 1394 4900 et
1408 4825 1592 4924 specimen
1608 4823 1700 4896 illud

361 4950 453 5022 male
477 4950 549 5023 fida
572 4978 681 5025 manu
703 4954 924 5026 delineatum
942 4953 1122 5045 ostendit3
1145 4952 1208 5024 sed
1232 4949 1342 5041 idem,
1364 4946 1429 5019 ubi
1448 4945 1497 5019 ob
1517 4970 1695 5019 summam

360 5075 646 5149 inconstantiam
670 5077 848 5150 ductuum
868 5080 953 5152 satis
973 5095 1156 5151 recentem
1176 5101 1234 5148 me
1256 5089 1385 5172 putare
1406 5073 1509 5146 illum
1530 5071 1693 5145 codicem

362 5198 762 5296 dixi,vetuit,addens,
774 5199 955 5302 Panopliae
973 5203 1161 5301 Euthymii
1180 5199 1351 5300 Zigabeni
1371 5197 1535 5272 codicem
1557 5200 1707 5294 Regium
