3784 5782
711 369 950 432 NOTATIONES
972 375 1123 436 MORUM.
1146 396 1247 438 aa—nt.

117 488 204 548 λῦναι·
219 488 264 548 καὶ
278 490 446 569 καθεζόμενος
464 495 646 576 παραστρέψαι
663 497 705 556 τὸν
720 500 848 578 τρίίωνα,
864 503 891 562 ὃν

117 577 190 645 αὐτὸς
201 579 282 658 φορεῖ.

473 824 530 883 ΚΓ

371 959 627 1017 ΑΛΑΖΟΝΕΙᾹΣ.

23 1081 25 1162 ί
90 1121 102 1158 a
151 1097 254 1176 Ἀμέλει
263 1097 291 1157 δὲ
301 1101 319 1170 ἡ
329 1097 466 1167 ἀλαζονεία
478 1096 572 1166 δόξειεν
583 1089 690 1157 ἀνεῖναι
701 1099 843 1190 προσδοκία
854 1123 892 1166 τις

22 1205 23 1208 ’
113 1193 216 1264 ἀγαθῶν
234 1189 281 1246 οὐκ
298 1187 421 1247 όντων·ὁ
439 1185 467 1245 δέ
479 1187 582 1255 ἀλαζὼν
603 1186 716 1254 τοιοῦτός
733 1210 787 1263 τις,
798 1191 849 1254 οῐος
865 1191 891 1246 ἐν

41 1277 45 1288 ’
111 1281 148 1358 τῷ
161 1276 330 1354 διαζεύγματι
349 1275 464 1348 ἑστηκὼς
483 1277 628 1352 διηγεῖσθαι
646 1275 737 1346 ξένοις,
758 1279 792 1343 ὡς
804 1275 891 1334 πολλθ

111 1363 236 1444 χρήματα
248 1367 320 1444 αὐτῷ
333 1367 402 1422 ἔστιν
417 1368 488 1442 ἐντῇ
502 1362 631 1443 θαλάττῃ·
644 1363 689 1422 καί
707 1363 767 1442 περὶ
782 1369 828 1434 τῆς
845 1367 890 1444 ἐρ-

109 1452 202 1528 γασίας
222 1457 270 1524 τῆς
289 1454 450 1522 δανειστικῆς
471 1450 605 1526 διεξιέναι,
627 1452 725 1529 ἡλίκη,
746 1453 792 1512 καὶ
815 1456 890 1519 αὐτος

72 1557 92 1592 ro
111 1539 158 1598 δσα
171 1539 262 1622 εἴληφε
274 1540 332 1622 [καὶ
347 1539 510 1598 ἀπολώλεκε·
520 1540 565 1598 καὶ
580 1539 638 1618 ἀμα
650 1547 733 1599 ταῦτα
747 1542 889 1620 πλεθρίζων

109 1626 221 1704 πέμπειν
234 1627 263 1686 τὸ
274 1627 411 1708 παιδάριον
422 1627 464 1686 ἐπί
476 1625 523 1698 τὴν
533 1627 672 1710 τράπεζαν,
686 1630 806 1708 δραχμῆς
818 1633 889 1708 αὐτῷ

109 1713 253 1796 κειμένηςξ.
299 1715 353 1776 Καὶ
373 1716 556 1795 συνοδοιπόρου
577 1713 605 1774 δὲ
620 1713 785 1788 ἀπολαύσας,
806 1719 832 1774 ἐν
855 1723 887 1796 τῇ

109 1805 159 1884 ὁδῷ
173 1803 282 1885 [delude]
296 1803 390 1884 λέγειν,
409 1809 443 1872 ῶς
462 1805 517 1882 μετ’
532 1804 667 1884 Εὐάνδρου
681 1802 886 1884 ἐστρατεύσατο,

109 1870 218 1971 {aalide
238 1895 310 1974 αὐτῷ
331 1883 414 1973 εἶχε]
439 1893 484 1952 καί
507 1891 556 1952 θσα
577 1891 750 1963 λιθοκόλλητα
774 1893 886 1973 ποτήρια

68 1994 89 2033 ta
107 1961 227 2056 ἐκόμισε·
244 1979 289 2038 καλ
302 1981 362 2062 περί
377 1985 430 2039 τῶν
443 1985 566 2060 τεχνιτῶν
580 1985 632 2039 τῶν
647 1983 674 2038 ἐν
691 1985 724 2060 τῇ
744 1981 832 2062 Ἇσίφ,
847 1979 886 2038 δτι

109 2066 224 2144 βελτίους
238 2066 288 2126 είολ
299 2072 350 2126 τῶν
365 2071 391 2126 ἓν
405 2073 438 2149 τῇ
453 2066 583 2148 Εὐρώπῃ,
598 2067 812 2148 ἀμφισθητῆοαι,
827 2069 885 2148 [και

106 2160 189 2213 ταῦτα
203 2157 334 2236 Ιθοφῆσαι,
353 2157 468 2235 ούδαμοῶ
489 2159 518 2214 ἐκ
533 2160 580 2227 τῆς
593 2156 692 2224 πολεως
713 2158 884 2233 ἀποδεδημη-

105 2242 181 2323 κόεςξ.
224 2244 278 2305 Καὶ
295 2243 442 2324 γράμματα
466 2243 493 2302 δὲ
514 2246 595 2303 εἰπεῖν
619 2249 654 2312 ὡς
678 2244 788 2326 πάρεστι
811 2245 884 2324 παρὰ

105 2331 288 2414 Ἀντιπάτρου,
307 2331 393 2412 τρίτον
415 2331 446 2404 δὴ
470 2332 580 2410 λέγοντα
599 2333 789 2412 παραγίνεσθαι
807 2333 884 2392 αὐτὸν

65 2443 90 2480 νυ
104 2422 139 2486 είς
154 2419 331 2479 Μακεδονίαν·
353 2419 399 2478 καλ
420 2419 554 2496 διδομένης
571 2423 641 2501 αὐτῷ
652 2419 782 2497 ἐξαγωγῆς
801 2420 883 2488 ξύλων

105 2510 222 2578 ἀτελοῦς,
237 2509 318 2567 εἰπεῖν
332 2507 371 2568 ὅτι
386 2508 540 2590 ἀπείρηται,
554 2507 624 2575 ὅπως
635 2509 696 2585 μηδ’
710 2509 751 2589 ὑφ’
766 2509 819 2576 ἑνὸς
834 2535 882 2568 αυ-

103 2601 266 2677 κοφαντηθῇ·
285 2597 454 2680 [Περαιτέρω
479 2599 625 2678 φιλοσοφεῖν
648 2602 764 2675 προσῆκε
787 2601 883 2656 Μακε-

103 2684 182 2765 δόσι]
225 2685 280 2746 liat
293 2688 319 2743 ἐν
340 2684 500 2766 τῇσιτοδείφι
519 2683 546 2742 δὲ
559 2687 594 2751 ὡς
609 2682 719 2756 πλείωῆ
736 2685 814 2742 πέντε
832 2685 881 2743 τοί-

101 2775 184 2832 λαντα
193 2771 293 2851 γένοιτο
300 2776 372 2854 αὐτῷ
379 2771 412 2832 τά
422 2771 599 2850 ἀναλώματα,
611 2771 705 2830 διδόντι
717 2781 768 2839 τοῖς
776 2773 882 2854 ἀπόροις

67 2879 92 2922 at
104 2864 153 2918 τῶν
167 2863 293 2936 πολιτῶνζ·
308 2858 454 2942 [ἀνανεύειν
465 2858 516 2940 γάρ
528 2862 556 2918 ού
571 2859 696 2918 δύνασθαι
705 2859 725 2940 {ss
740 2861 785 2920 καὶ
797 2860 880 2939 ἀγνώ-

102 2970 171 3008 στων
184 2947 211 3006 δὲ
230 2946 468 3028 παρακαθημένων,
485 2949 608 3006 κελεῦσαι
624 2953 704 3005 θεῖναι
717 2946 764 3014 πάς
781 2948 882 3029 ψήφους

101 3036 162 3118 [ἕνα
176 3035 276 3116 αὐτῶν]
289 3036 335 3095 καὶ
348 3041 445 3094 ποσοῦν
460 3035 548 3101 αὐτοῖς·
566 3027 611 3092 εἶθ’
625 3034 771 3103 ἑξακοσίους
783 3035 880 3116 [ἐξαρι-

100 3123 216 3203 θμήσας]
230 3121 298 3182 κατά
313 3131 389 3200 μνᾶν,
406 3120 453 3181 καὶ
469 3121 613 3200 προστιθείς
630 3126 744 3189 πιθανῶς
761 3122 879 3190 ἑκάστοις

97 3205 197 3272 τούτων
219 3211 348 3287 ὀνόματα,
368 3214 478 3282 ποιῆσαι
498 3207 560 3268 δέκα
583 3209 712 3268 τάλαντα·
734 3209 779 3268 καὶ
804 3216 879 3270 τοῦτο

58 3329 83 3368 ηπ
99 3308 182 3384 φῆσαι
198 3297 387 3380 εἰσενηνοχέναι
402 3301 437 3364 είς
455 3296 559 3378 ἐράνους
577 3295 668 3355 αὐτόν·
682 3297 727 3355 καὶ
740 3296 786 3365 τάς
803 3322 877 3378 τριη-

99 3389 209 3470 ραρχίας
231 3391 313 3447 εἰπεῖν
326 3385 366 3446 ὅτι
388 3388 418 3445 οὐ
440 3385 549 3458 τίθησιν,
570 3387 628 3445 οὐδὲ
650 3383 696 3452 τάς
719 3385 879 3465 λειτουργίας

96 3457 168 3542 don<v
179 3472 388 3554 λελειτούργηκε.
433 3472 488 3534 Καὶ
502 3471 653 3553 προσελθὼν
668 3473 695 3530 δὲ
713 3474 766 3540 τοῖς
783 3471 878 3540 ἵππους

95 3563 157 3628 πούς
171 3561 282 3641 ἀγαθούς
298 3563 430 3634 πωλοῦσι,
446 3561 675 3641 προσποιήσασθαι
689 3562 816 3642 ῶνητιᾷν·
831 3562 877 3621 καὶ

95 3651 141 3710 ἐπὶ
154 3649 202 3716 τάς
216 3651 305 3717 κλίνας
324 3649 417 3726 ἐλθὼν,
436 3649 580 3728 ἱματισμὸν
594 3653 704 3721 ζητῆσαι
718 3652 753 3716 εἰς
767 3650 814 3708 δύο
828 3651 877 3710 τό·

51 3765 76 3803 as
94 3744 197 3818 λαντα,
212 3740 257 3800 καλ
272 3744 310 3821 τῷ
329 3739 403 3798 παιδί
424 3738 572 3818 μάχεσθαι,
591 3741 631 3796 δτι
650 3740 681 3795 τὸ
700 3743 806 3818 χρυσίον
830 3749 876 3798 οὐκ

94 3829 164 3908 ἔχων
178 3831 250 3909 αὐτῷ
271 3827 413 3886 ἀκολουθεῖ.
453 3824 510 3887 Καὶ
528 3829 555 3885 ἔν
569 3828 687 3903 μισθωτῇ
703 3823 772 3905 οἰκίᾳ
788 3827 875 3898 οἰκῶν,

93 3922 178 3997 φῆσαι
190 3913 288 3987 ταύτην
302 3905 430 3984 εἶναιτὴν
443 3912 569 3996 πατρῴαν
582 3909 647 3992 πρθς
663 3911 707 3970 τὸν
723 3911 760 3989 μὴ
775 3913 870 3971 εἰδότα·

92 4003 189 4064 καθότι
203 4001 292 4080 μέλλει
305 4003 403 4061 πωλεῖν
417 4001 508 4075 αὐτὴν,
524 3999 606 4060 διὰτὸ
617 4000 717 4061 ἔλάττω
726 3991 791 4059 εἶναι
803 4004 874 4082 αὐτῷ

92 4091 159 4174 πρὸς
170 4089 215 4158 τάς
230 4089 385 4169 ἱενοδοχίας.

450 4327 507 4388 ttu‘

334 4470 628 4530 ‘intenderunt

131 4609 211 4670 Ἐστι
225 4610 253 4668 δὲ
266 4609 430 4691 ὑπερηφανία
445 4607 636 4689 καταφρόνησίς
650 4631 688 4673 τις
702 4607 770 4678 πλὴν
790 4611 869 4665 αὑτοῦ

90 4701 143 4756 τῶν
153 4697 252 4756 ἀλλων·
267 4703 281 4756 θ
292 4695 319 4755 δέ
331 4697 492 4778 ὑπερήφανος
506 4695 605 4754 τοιόσδε
615 4719 665 4766 τις,
678 4687 728 4761 οἷος
739 4701 777 4776 τῷ
789 4719 868 4754 aneu-

91 4783 233 4855 δυντι,ἀπθ
240 4784 343 4844 δείπνου
351 4783 622 4864 έντεύξεσθαιφοίσκειν
631 4787 656 4842 ἐν
663 4789 700 4864 τῷ
708 4806 867 4861 περιπατειν·

49 4890 76 4928 ta
90 4873 136 4931 rani
147 4863 177 4931 εἰθ
193 4871 318 4944 ποιήσας,
335 4873 398 4951 [μὴ]
413 4877 560 4950 μεμνῆσθαι
576 4871 726 4953 {petonem}
741 4871 786 4929 καί
805 4871 866 4950 [tret-

91 4964 179 5028 ζεσθαι
190 4963 216 5020 ἐν
227 4959 285 5026 ταῖς
294 4960 360 5027 itote
372 4959 418 5026 τὰς
428 4959 527 5026 διαίτας
540 4959 634 5039 κρίνειν
657 4958 716 5038 [καὶ
728 4957 865 5037 έν[τυγὼν]

89 5049 143 5114 τοῖς
161 5047 328 5128 ἕπιτρέψασι·
345 5049 390 5107 καί
405 5047 627 5128 χειροτονούμενος
647 5045 801 5122 ἐξόμνυσθαι
820 5043 866 5113 τάς

90 5133 187 5216 ἀρχθς,
202 5137 230 5192 ού
246 5135 350 5216 φάσκων
364 5135 522 5218 apellitur}
566 5133 619 5194 Καί
634 5135 781 5218 προσελθεῖν
797 5133 864 5214 πρό-

200 5257 397 5301 Tuaneunasrus.

1682 412 1716 464 15

935 509 993 560 deus
1009 513 1105 574 pallium
1122 515 1182 577 rite,
1201 520 1266 581 quod
1283 529 1361 586 portat
1379 526 1445 590 lpse,
1462 534 1603 596 complicare
1618 539 1717 600 (etsub

926 602 1040 650 ,sternere
1051 603 1115 664 sibi).

1279 761 1376 778 ⁵——

1273 849 1369 910 XXIII

1163 979 1475 1048 OSTENTATIONIS.

963 1122 1098 1172 ostentatio
1108 1123 1155 1173 dini
1169 1131 1240 1188 queat
1254 1129 1331 1180 toanis
1342 1131 1461 1184 bonmum
1473 1137 1638 1200 quorundam,
1656 1157 1711 1206 qum

931 1203 978 1240 non
996 1193 1087 1256 adsint,
1099 1199 1251 1262 praedicatio,
1265 1203 1326 1253 alios
1341 1205 1367 1254 iu
1378 1221 1430 1256 eam
1444 1209 1580 1272 opinionem
1592 1214 1711 1266 adducere

931 1265 1039 1316 studens.
1072 1274 1297 1325 Ostentatorautem
1310 1278 1427 1339 ejusmodi
1436 1285 1537 1346 est,qui
1549 1287 1573 1336 iu
1582 1289 1648 1336 mole
1657 1303 1710 1352 por·

930 1341 970 1388 tus
982 1347 1062 1405 auus,
1073 1349 1202 1408 peregrinis
1215 1355 1307 1412 narret,
1317 1355 1418 1404 multam
1432 1371 1458 1406 se
1471 1361 1595 1420 pecuniam
1607 1362 1709 1424 traiecti·

865 1452 872 1474 ,
930 1416 987 1466 tlarn
1004 1418 1090 1470 trabere
1100 1435 1106 1468 :
1116 1426 1141 1472 et
1152 1424 1182 1472 de
1199 1427 1250 1474 toto
1264 1425 1362 1476 Ioeuebri
1379 1435 1473 1491 questu
1491 1433 1571 1496 longos
1590 1448 1710 1488 sermones

930 1488 1029 1552 habeat,
1042 1498 1145 1556 quantus
1155 1496 1194 1546 ille
1209 1498 1253 1558 sit,
1264 1497 1399 1563 explicans,
1410 1507 1434 1552 et
1445 1519 1500 1566 quae
1517 1509 1566 1570 ipse
1578 1508 1642 1560 luera
1656 1513 1710 1563 iude

929 1561 1023 1624 iecerit,
1035 1580 1094 1630 pure
1103 1569 1201 1618 darona
1212 1573 1290 1622 :etde
1300 1573 1340 1624 liis
1352 1578 1414 1626 ilum
1424 1581 1588 1644 (ploriatur),
1598 1597 1710 1646 pererrem

929 1640 966 1688 od
975 1649 1135 1695 nwrrsorircm
1147 1651 1242 1704 mittit,
1257 1651 1330 1712 apud
1343 1667 1418 1715 quern
1431 1656 1583 1708 drachmam
1591 1661 1709 1721 sortasse

928 1717 1082 1768 collocatum
1100 1721 1184 1772 dubet.
1217 1727 1281 1774 Inter
1292 1729 1411 1787 eundum,
1426 1731 1472 1778 rim
1483 1735 1596 1783 conulem
1611 1742 1709 1798 nactus,

928 1803 954 1838 se
966 1793 1011 1840 sub
1023 1796 1135 1844 Evandro
1145 1796 1298 1863 [Menandrol
1307 1802 1330 1850 in
1340 1805 1412 1852 nobili
1426 1807 1576 1867 expeditione
1592 1811 1708 1860 meruisse

927 1871 1046 1933 narr·abit;
1057 1877 1082 1922 el
1092 1887 1172 1937 quom
1177 1877 1359 1936 familiariter
1371 1896 1398 1931 eo
1402 1883 1493 1943 suerit
1508 1899 1586 1943 u.urs;
1599 1893 1624 1938 et
1635 1903 1707 1950 quam

926 1949 1002 1998 multa
1017 1949 1073 2000 inde
1095 1957 1213 2014 gemmata
1229 1958 1315 2018 pocula
1334 1961 1483 2022 reportarit:
1503 1964 1618 2012 Asiaticos
1636 1967 1708 2016 etiarn

876 2070 882 2092 γ
926 2026 1027 2076 artificas
1039 2030 1161 2092 Europaeis
1170 2044 1222 2080 esse
1235 2036 1425 2098 praestantiores,
1436 2038 1631 2090 dissentienthus
1639 2043 1712 2106 aliis,

925 2103 1068 2154 oonteudet:
1084 2114 1241 2170 quoeomrrr'o
1253 2113 1382 2174 crepabll,
1395 2129 1475 2177 quum
1489 2130 1539 2166 non
1549 2131 1661 2182 iuquam
1670 2124 1707 2170 sit

925 2195 958 2230 ea
970 2185 1034 2234 urbe
1042 2198 1148 2248 perepre
1159 2189 1300 2252 projectus.
1332 2194 1423 2242 Deinde
1444 2195 1524 2244 literas
1540 2197 1570 2246 ab
1583 2199 1706 2261 Antipatro

925 2261 970 2310 sibi
982 2276 1034 2312 esse
1045 2265 1128 2316 allatas
1138 2269 1293 2330 memorabIt,
1306 2285 1361 2334 (μοι
1370 2273 1448 2335 ipsum
1459 2275 1509 2336 jam
1522 2277 1590 2325 tertio
1604 2277 1706 2328 invitent

925 2343 952 2389 ut
970 2341 994 2390 in
1013 2345 1178 2397 Macedoniam
1193 2349 1291 2399 ueniat:
1302 2357 1416 2413 praeterea
1432 2367 1470 2414 se,
1489 2369 1564 2418 quum
1580 2361 1643 2405 esset
1659 2357 1704 2405 sibi

924 2421 1029 2470 rualerIae
1040 2436 1153 2474 conoessa
1163 2427 1275 2478 immunis
1284 2433 1431 2494 exportatio,
1450 2434 1530 2483 oblato
1542 2435 1657 2485 beneficio
1669 2435 1704 2486 uti

923 2496 1042 2560 notulase,
1056 2505 1082 2550 ut
1093 2516 1176 2552 omnes
1192 2506 1298 2554 omnium
1315 2509 1447 2559 calumnias
1465 2501 1577 2574 eflugeret
1590 2529 1596 2562 :
1607 2517 1640 2564 At
1649 2517 1704 2568 lon-

922 2581 995 2638 pr'us,
1008 2581 1110 2642 inquit,
1121 2583 1258 2644 proaldere
1270 2586 1396 2636 debebunt
1407 2591 1558 2642 Macedones
1573 2595 1702 2654 (eomodo

923 2655 1032 2706 invidiae
1044 2670 1085 2708 me
1099 2659 1261 2723 objicientes).
1295 2665 1403 2715 Eundem
1417 2679 1443 2716 se
1459 2667 1591 2720 teneritate
1602 2685 1703 2727 urnonae

922 2734 1025 2798 amplius
1047 2737 1153 2800 quinque
1172 2741 1261 2790 talenta
1280 2743 1423 2804 pauperibus
1445 2747 1538 2797 eiriluu
1561 2750 1699 2812 largientem

922 2810 1061 2863 insumsisse
1089 2816 1161 2865 :sibl
1183 2821 1253 2866 enim
1273 2819 1366 2868 dalem
1395 2833 1445 2870 non
1467 2837 1519 2872 esse
1542 2829 1573 2874 αι
1598 2835 1701 2880 renunt.

921 2888 1013 2944 Quodsi
1033 2891 1119 2952 ignotis
1134 2893 1256 2953 adsideat,
1272 2907 1357 2945 unum
1375 2897 1479 2960 aliquem
1501 2915 1589 2952 eorum
1607 2905 1700 2966 jubebit

920 2979 1008 3028 ponere
1024 2969 1140 3030 calculos,
1152 2971 1282 3022 etillornm
1297 2974 1485 3038 quibnaallquid
1501 2982 1603 3041 erogarit
1618 2997 1699 3034 nume·

920 3057 974 3092 rum
985 3044 1044 3094 inire
1055 3061 1061 3093 ε
1074 3045 1158 3095 deiude
1170 3053 1293 3099 sexcentos
1306 3051 1481 3115 (enumerans),
1491 3069 1594 3116 quorum
1607 3061 1699 3110 unicui·

919 3134 967 3182 qne
977 3122 1068 3172 dederit
1077 3125 1180 3188 minam,
1192 3129 1328 3180 nominibus
1339 3129 1407 3192 singu
1418 3145 1486 3182 orum
1499 3136 1652 3196 probabiIIter
1661 3141 1699 3189 ad·

919 3198 991 3261 ditis,
1011 3201 1096 3251 efficiet
1112 3205 1139 3252 ut
1156 3204 1239 3254 decem
1260 3205 1403 3256 talentorum
1423 3223 1517 3260 summa
1537 3214 1633 3264 modern
1653 3219 1698 3268 col-

919 3276 1023 3338 ligatur:
1039 3293 1111 3341 quam
1123 3293 1219 3330 omnem
1237 3295 1355 3333 summam
1372 3298 1398 3333 se
1414 3286 1524 3350 iuopibus
1545 3292 1698 3345 sublevandis

918 3355 1063 3415 impendisse
1073 3356 1214 3417 affirmabit;
1226 3362 1256 3409 Et
1265 3363 1358 3420 tamen,
1369 3362 1448 3424 addit,
1458 3365 1482 3412 in
1493 3366 1537 3416 hae
1548 3369 1639 3420 ratione
1649 3385 1697 3422 nou

917 3430 980 3480 duno
991 3431 1118 3482 Instructas
1129 3447 1144 3482 a
1156 3448 1193 3484 me
1205 3437 1326 3498 triaemes,
1336 3439 1424 3500 ‹pribus
1435 3442 1533 3503 praelui;
1544 3449 1569 3494 et
1579 3445 1636 3508 alia,
1647 3451 1696 3512 qul-

918 3508 964 3558 bus
984 3509 1120 3571 reipublice
1141 3525 1226 3562 caussa
1249 3527 1302 3563 sum
1323 3515 1432 3578 iuuetur,
1455 3521 1536 3570 munta
1561 3530 1694 3576 sumtuosa.

916 3589 983 3638 Idem
992 3625 998 3648 ,
1007 3589 1037 3638 ad
1046 3603 1087 3638 ens
1097 3591 1223 3652 accedens,
1234 3593 1274 3654 oui
1285 3607 1411 3656 generosos
1420 3610 1495 3660 equos
1504 3601 1623 3664 rendunt,
1635 3607 1695 3656 velle

917 3681 943 3718 se
954 3681 1033 3717 emere
1042 3669 1151 3726 almulat;
1167 3673 1204 3731 et,
1217 3671 1240 3719 iu
1258 3685 1309 3721 eam
1329 3671 1371 3722 tori
1381 3681 1472 3736 partem
1488 3691 1641 3744 progressus,
1653 3685 1694 3734 ubi

916 3745 1055 3795 tricliniares
1066 3751 1120 3796 lectt
1136 3761 1191 3797 cum
1208 3751 1275 3798 resta
1292 3751 1395 3812 stragula
1410 3759 1528 3816 veneunt,
1545 3765 1635 3809 restem
1648 3762 1694 3812 sibi

915 3823 1008 3872 ostendi
1017 3823 1085 3884 iubet
1099 3824 1175 3873 duum
1187 3826 1342 3888 talentorum,
1356 3832 1379 3876 et
1393 3842 1506 3892 puerum,
1520 3836 1584 3895 quod
1600 3849 1626 3885 se
1642 3839 1693 3888 sine

915 3913 973 3949 auro
990 3906 1113 3963 sequatur,
1132 3903 1234 3964 graviter
1253 3904 1370 3966 obiurgat.
1391 3906 1512 3969 benique,
1531 3911 1555 3959 in
1575 3914 1692 3966 eonducta

914 3977 985 4026 domo
1001 3977 1124 4040 babitans,
1142 3979 1162 4028 si
1178 3993 1233 4029 cum
1248 3980 1328 4043 aliquo
1343 3995 1477 4032 sermonem
1493 3986 1592 4050 lrabeat,
1610 3992 1651 4052 qui
1667 3993 1690 4042 id

913 4055 1016 4116 ignoret,
1032 4058 1141 4118 paternas
1160 4069 1213 4105 esse
1230 4057 1272 4106 bas
1288 4058 1352 4108 mdes
1368 4057 1451 4109 dicet:
1467 4075 1527 4124 quas
1542 4064 1609 4128 ipse,
1626 4081 1682 4130 quor

913 4134 961 4183 sint
970 4134 1002 4184 ad
1013 4135 1118 4196 hospites
1127 4136 1276 4198 excipiendos
1287 4139 1447 4200 angustiores,
1459 4141 1563 4193 rendere
1574 4146 1669 4207 cogitet.

1254 4271 1347 4285 “

1246 4357 1342 4417 XXIV

1190 4489 1395 4552 SUPERBIAE.

939 4615 1055 4677 Superbia
1072 4620 1109 4666 est
1138 4616 1238 4666 aliomm
1252 4619 1373 4680 omniurn,
1387 4627 1545 4684 praeterquam
1562 4626 1613 4686 sui,
1630 4640 1683 4675 eorr-

846 4695 853 4716 1
909 4684 1006 4730 temtus.
1038 4685 1115 4732 Ilomo
1130 4684 1247 4744 superbus
1265 4685 1316 4732 talis
1333 4689 1371 4734 est
1389 4701 1395 4734 :
1415 4687 1435 4733 si
1451 4687 1505 4748 quis
1519 4701 1574 4736 eum
1587 4703 1683 4752 propere

832 4784 846 4798 .,
908 4752 1051 4796 nonventum
1070 4749 1141 4810 velit,
1166 4759 1264 4797 namna
1283 4766 1309 4797 se
1326 4751 1393 4800 illum
1416 4757 1590 4801 conventurum
1611 4754 1682 4811 dicet.

908 4813 969 4862 iuter
983 4813 1162 4862 ambulandum.
1195 4815 1218 4863 Si
1231 4815 1302 4864 luerit
1317 4816 1348 4866 ile
1367 4829 1487 4880 quoquam
1506 4819 1566 4868 bene
1582 4821 1682 4871 meritus

908 4879 987 4940 (atqrre
1003 4881 1042 4928 ille
1053 4882 1139 4940 gratias
1150 4884 1247 4929 aeturus
1258 4883 1406 4942 arcesserit),
1419 4883 1481 4932 disset
1499 4897 1525 4932 se
1541 4897 1587 4932 nou
1600 4887 1681 4936 nrarni·

906 4945 979 4993 nisse.
1009 4946 1106 4995 ¹ltrbiter
1123 4951 1219 5007 eaptus,
1237 4950 1316 5008 partes
1333 4953 1401 5009 coget
1419 4952 1445 4996 ul
1462 4950 1487 4997 in
1505 4949 1542 4996 iia
1556 4949 1680 4997 arbitrium

811 5027 818 5037 ·
906 5023 977 5060 suurn
988 5011 1105 5072 accipiant
1114 5015 1163 5060 αυι
1173 5013 1328 5075 ubicumque
1336 5026 1399 5062 casu
1410 5013 1552 5074 offenderit
1564 5014 1624 5062 illos
1633 5017 1680 5076 poi

906 5079 979 5127 litem
990 5089 1064 5125 nram
1075 5076 1098 5126 ei
1107 5080 1282 5136 permiserint.
1293 5081 1312 5128 A
1323 5079 1417 5140 populo
1428 5081 1530 5127 erratus
1542 5082 1680 5139 nrosristro·

890 5175 894 5184 ·
907 5147 961 5192 lum
973 5142 1100 5204 ejnrnbtt,
1111 5141 1160 5192 sibl
1171 5155 1221 5192 non
1231 5155 1284 5192 esse
1296 5141 1377 5193 otium
1389 5142 1535 5205 affirmans.
1568 5144 1677 5196 Prior'ad

1497 5265 1510 5302 ‘t
