<?xml version="1.0" encoding="UTF-8"?>
<!DOCTYPE html PUBLIC "-//W3C//DTD XHTML 1.0 Transitional//EN"
    "http://www.w3.org/TR/xhtml1/DTD/xhtml1-transitional.dtd">
<html xmlns="http://www.w3.org/1999/xhtml" xml:lang="en" lang="en">
 <head>
  <title>
</title>
<meta http-equiv="Content-Type" content="text/html;charset=utf-8" />
  <meta name='ocr-system' content='tesseract 3.04.00' />
  <meta name='ocr-capabilities' content='ocr_page ocr_carea ocr_par ocr_line ocrx_word'/>
</head>
<body>
  <div class='ocr_page' id='page_1' title='image "./theophrastichar01maxigoog_0366.png"; bbox 0 0 3730 5776; ppageno 0'>
   <div class='ocr_carea' id='block_1_1' title="bbox 65 432 1651 520">
    <p class='ocr_par' dir='ltr' id='par_1_1' title="bbox 65 432 1651 520">
     <span class='ocr_line' id='line_1_1' title="bbox 65 432 1651 520; baseline 0.015 -36"><span class='ocrx_word' id='word_1_1' title='bbox 65 433 199 518; x_wconf 57' lang='grc' dir='ltr'>(ης-τωρ</span> <span class='ocrx_word' id='word_1_2' title='bbox 606 432 648 494; x_wconf 85' lang='grc' dir='ltr'>ΙΝ</span> <span class='ocrx_word' id='word_1_3' title='bbox 668 433 865 496; x_wconf 76' lang='lat' dir='ltr'>nncflinlo.</span> <span class='ocrx_word' id='word_1_4' title='bbox 888 432 972 496; x_wconf 79' lang='lat' dir='ltr'>CAP.</span> <span class='ocrx_word' id='word_1_5' title='bbox 994 432 1042 510; x_wconf 85' lang='grc' dir='ltr'>Ν,</span> <span class='ocrx_word' id='word_1_6' title='bbox 1062 433 1100 498; x_wconf 84' lang='lat' dir='ltr'>V.</span> <span class='ocrx_word' id='word_1_7' title='bbox 1452 439 1573 520; x_wconf 78' lang='lat' dir='ltr'>(te-cs.)</span> <span class='ocrx_word' id='word_1_8' title='bbox 1615 452 1651 508; x_wconf 69' lang='lat' dir='ltr'>tt</span> 
     </span>
    </p>
   </div>
   <div class='ocr_carea' id='block_1_2' title="bbox 27 564 1687 5394">
    <p class='ocr_par' dir='ltr' id='par_1_2' title="bbox 27 564 1687 5394">
     <span class='ocr_line' id='line_1_2' title="bbox 63 564 1656 650; baseline 0.004 -20"><span class='ocrx_word' id='word_1_9' title='bbox 63 571 165 649; x_wconf 70' lang='grc' dir='ltr'>ίνιιίτῇ·</span> <span class='ocrx_word' id='word_1_10' title='bbox 179 566 312 641; x_wconf 79' lang='grc' dir='ltr'>πάντωςὴ</span> <span class='ocrx_word' id='word_1_11' title='bbox 331 573 377 629; x_wconf 88' lang='grc' dir='ltr'>τοῦ</span> <span class='ocrx_word' id='word_1_12' title='bbox 388 568 488 648; x_wconf 87' lang='grc' dir='ltr'>ἀγαθοῦ</span> <span class='ocrx_word' id='word_1_13' title='bbox 506 564 592 648; x_wconf 82' lang='grc' dir='ltr'>ίφεσις</span> <span class='ocrx_word' id='word_1_14' title='bbox 608 566 654 628; x_wconf 85' lang='grc' dir='ltr'>καί</span> <span class='ocrx_word' id='word_1_15' title='bbox 668 569 770 650; x_wconf 63' lang='grc' dir='ltr'>τολμᾷν</span> <span class='ocrx_word' id='word_1_16' title='bbox 782 566 828 628; x_wconf 86' lang='grc' dir='ltr'>καλ</span> <span class='ocrx_word' id='word_1_17' title='bbox 872 576 897 626; x_wconf 84' lang='grc' dir='ltr'>εί</span> <span class='ocrx_word' id='word_1_18' title='bbox 913 574 1015 626; x_wconf 80' lang='lat' dir='ltr'>tidenter</span> <span class='ocrx_word' id='word_1_19' title='bbox 1029 579 1055 627; x_wconf 84' lang='lat' dir='ltr'>et</span> <span class='ocrx_word' id='word_1_20' title='bbox 1069 581 1180 630; x_wconf 87' lang='lat' dir='ltr'>nctoosoe</span> <span class='ocrx_word' id='word_1_21' title='bbox 1197 575 1268 640; x_wconf 77' lang='grc' dir='ltr'>ίεοίίς</span> <span class='ocrx_word' id='word_1_22' title='bbox 1286 581 1312 630; x_wconf 87' lang='lat' dir='ltr'>et</span> <span class='ocrx_word' id='word_1_23' title='bbox 1327 577 1426 642; x_wconf 77' lang='lat' dir='ltr'>periculi</span> <span class='ocrx_word' id='word_1_24' title='bbox 1441 581 1613 645; x_wconf 74' lang='lat' dir='ltr'>cogitationem</span> <span class='ocrx_word' id='word_1_25' title='bbox 1630 582 1656 636; x_wconf 83' lang='lat' dir='ltr'>id</span> 
     </span>
     <span class='ocr_line' id='line_1_3' title="bbox 61 655 1687 743; baseline 0.003 -24"><span class='ocrx_word' id='word_1_26' title='bbox 61 655 169 743; x_wconf 78' lang='grc' dir='ltr'>πρέπειν</span> <span class='ocrx_word' id='word_1_27' title='bbox 181 667 266 732; x_wconf 89' lang='grc' dir='ltr'>ποιεῖ,</span> <span class='ocrx_word' id='word_1_28' title='bbox 279 657 326 718; x_wconf 86' lang='grc' dir='ltr'>καί</span> <span class='ocrx_word' id='word_1_29' title='bbox 340 657 388 732; x_wconf 68' lang='grc' dir='ltr'>τὴν</span> <span class='ocrx_word' id='word_1_30' title='bbox 400 655 499 718; x_wconf 83' lang='grc' dir='ltr'>ἔννοιαν</span> <span class='ocrx_word' id='word_1_31' title='bbox 517 661 563 716; x_wconf 91' lang='grc' dir='ltr'>τοῦ</span> <span class='ocrx_word' id='word_1_32' title='bbox 579 655 660 718; x_wconf 83' lang='grc' dir='ltr'>ἐνίοτε</span> <span class='ocrx_word' id='word_1_33' title='bbox 680 655 726 717; x_wconf 84' lang='grc' dir='ltr'>καί</span> <span class='ocrx_word' id='word_1_34' title='bbox 744 658 831 718; x_wconf 86' lang='grc' dir='ltr'>κινδυ·</span> <span class='ocrx_word' id='word_1_35' title='bbox 873 665 1087 729; x_wconf 79' lang='grc' dir='ltr'>οοιιεοῖειιιε,ιιυοιῖ</span> <span class='ocrx_word' id='word_1_36' title='bbox 1105 669 1176 718; x_wconf 75' lang='lat' dir='ltr'>recte</span> <span class='ocrx_word' id='word_1_37' title='bbox 1194 667 1280 718; x_wconf 77' lang='lat' dir='ltr'>rationi</span> <span class='ocrx_word' id='word_1_38' title='bbox 1296 667 1499 734; x_wconf 58' lang='lat' dir='ltr'>muneque</span> <span class='ocrx_word' id='word_1_39' title='bbox 1516 673 1656 737; x_wconf 72' lang='lat' dir='ltr'>preceperit</span> <span class='ocrx_word' id='word_1_40' title='bbox 1684 671 1687 676; x_wconf 82' lang='lat'>&#39;</span> 
     </span>
     <span class='ocr_line' id='line_1_4' title="bbox 61 745 1656 831; baseline 0.005 -25"><span class='ocrx_word' id='word_1_41' title='bbox 61 754 137 808; x_wconf 83' lang='grc' dir='ltr'>νεῦσαι</span> <span class='ocrx_word' id='word_1_42' title='bbox 155 753 353 831; x_wconf 87' lang='grc' dir='ltr'>παραμυθεῖται</span> <span class='ocrx_word' id='word_1_43' title='bbox 376 747 407 806; x_wconf 83' lang='grc' dir='ltr'>τὸ</span> <span class='ocrx_word' id='word_1_44' title='bbox 431 751 570 820; x_wconf 83' lang='grc' dir='ltr'>πεισθῆναι</span> <span class='ocrx_word' id='word_1_45' title='bbox 591 747 630 828; x_wconf 82' lang='grc' dir='ltr'>τῷ</span> <span class='ocrx_word' id='word_1_46' title='bbox 652 748 720 830; x_wconf 79' lang='grc' dir='ltr'>ὀρθῷ</span> <span class='ocrx_word' id='word_1_47' title='bbox 745 745 829 830; x_wconf 81' lang='grc' dir='ltr'>λόγῳ,</span> <span class='ocrx_word' id='word_1_48' title='bbox 873 753 1035 820; x_wconf 83' lang='lat' dir='ltr'>expetendum</span> <span class='ocrx_word' id='word_1_49' title='bbox 1044 753 1529 821; x_wconf 79' lang='lat' dir='ltr'>iiiudopusetismcurnneriouioiuisse.</span> <span class='ocrx_word' id='word_1_50' title='bbox 1561 761 1656 814; x_wconf 83' lang='lat' dir='ltr'>Etenim</span> 
     </span>
     <span class='ocr_line' id='line_1_5' title="bbox 59 825 1656 919; baseline 0.003 -22"><span class='ocrx_word' id='word_1_51' title='bbox 59 836 160 916; x_wconf 83' lang='grc' dir='ltr'>λέγοντι,</span> <span class='ocrx_word' id='word_1_52' title='bbox 180 835 284 919; x_wconf 76' lang='grc' dir='ltr'>αἱρετόν</span> <span class='ocrx_word' id='word_1_53' title='bbox 306 825 373 896; x_wconf 79' lang='grc' dir='ltr'>εἷναι</span> <span class='ocrx_word' id='word_1_54' title='bbox 392 835 422 896; x_wconf 78' lang='grc' dir='ltr'>τὸ</span> <span class='ocrx_word' id='word_1_55' title='bbox 441 835 526 917; x_wconf 79' lang='grc' dir='ltr'>ἔργον,</span> <span class='ocrx_word' id='word_1_56' title='bbox 547 833 596 896; x_wconf 85' lang='grc' dir='ltr'>κάν</span> <span class='ocrx_word' id='word_1_57' title='bbox 616 833 661 918; x_wconf 80' lang='grc' dir='ltr'>δέῃ</span> <span class='ocrx_word' id='word_1_58' title='bbox 674 834 831 896; x_wconf 76' lang='grc' dir='ltr'>κινδυνεύειν</span> <span class='ocrx_word' id='word_1_59' title='bbox 873 843 1005 908; x_wconf 83' lang='lat' dir='ltr'>periculum</span> <span class='ocrx_word' id='word_1_60' title='bbox 1015 847 1040 895; x_wconf 87' lang='lat' dir='ltr'>ei</span> <span class='ocrx_word' id='word_1_61' title='bbox 1051 843 1182 907; x_wconf 78' lang='lat' dir='ltr'>damnum,</span> <span class='ocrx_word' id='word_1_62' title='bbox 1194 858 1249 910; x_wconf 78' lang='lat' dir='ltr'>qum</span> <span class='ocrx_word' id='word_1_63' title='bbox 1260 846 1292 897; x_wconf 83' lang='lat' dir='ltr'>od</span> <span class='ocrx_word' id='word_1_64' title='bbox 1303 859 1390 911; x_wconf 84' lang='lat' dir='ltr'>eorpus</span> <span class='ocrx_word' id='word_1_65' title='bbox 1402 851 1426 898; x_wconf 85' lang='lat' dir='ltr'>et</span> <span class='ocrx_word' id='word_1_66' title='bbox 1434 859 1474 898; x_wconf 86' lang='lat' dir='ltr'>res</span> <span class='ocrx_word' id='word_1_67' title='bbox 1484 849 1595 902; x_wconf 77' lang='lat' dir='ltr'>externas</span> <span class='ocrx_word' id='word_1_68' title='bbox 1606 863 1656 914; x_wconf 79' lang='lat' dir='ltr'>per·</span> 
     </span>
     <span class='ocr_line' id='line_1_6' title="bbox 41 923 1656 1006; baseline 0.004 -23"><span class='ocrx_word' id='word_1_69' title='bbox 41 927 81 984; x_wconf 74' lang='grc' dir='ltr'>ιίι</span> <span class='ocrx_word' id='word_1_70' title='bbox 94 928 167 1006; x_wconf 82' lang='grc' dir='ltr'>αύτῷ.</span> <span class='ocrx_word' id='word_1_71' title='bbox 209 924 266 986; x_wconf 84' lang='grc' dir='ltr'>Καί</span> <span class='ocrx_word' id='word_1_72' title='bbox 283 923 422 1006; x_wconf 79' lang='grc' dir='ltr'>γάρδμὲν</span> <span class='ocrx_word' id='word_1_73' title='bbox 439 923 555 992; x_wconf 87' lang='grc' dir='ltr'>κίνδυνος</span> <span class='ocrx_word' id='word_1_74' title='bbox 573 923 619 984; x_wconf 83' lang='grc' dir='ltr'>κοιλ</span> <span class='ocrx_word' id='word_1_75' title='bbox 635 927 652 998; x_wconf 78' lang='grc' dir='ltr'>ἡ</span> <span class='ocrx_word' id='word_1_76' title='bbox 670 923 756 1006; x_wconf 81' lang='grc' dir='ltr'>βλάόη</span> <span class='ocrx_word' id='word_1_77' title='bbox 771 923 832 1005; x_wconf 85' lang='grc' dir='ltr'>περί</span> <span class='ocrx_word' id='word_1_78' title='bbox 874 932 964 995; x_wconf 78' lang='lat' dir='ltr'>tinent,</span> <span class='ocrx_word' id='word_1_79' title='bbox 977 947 1026 984; x_wconf 89' lang='lat' dir='ltr'>non</span> <span class='ocrx_word' id='word_1_80' title='bbox 1036 935 1120 984; x_wconf 81' lang='lat' dir='ltr'>nostro</span> <span class='ocrx_word' id='word_1_81' title='bbox 1131 934 1318 995; x_wconf 83' lang='lat' dir='ltr'>suntmsln,nd</span> <span class='ocrx_word' id='word_1_82' title='bbox 1333 947 1378 988; x_wconf 83' lang='lat' dir='ltr'>not</span> <span class='ocrx_word' id='word_1_83' title='bbox 1394 935 1459 1000; x_wconf 82' lang='lat' dir='ltr'>ipsos</span> <span class='ocrx_word' id='word_1_84' title='bbox 1470 947 1526 988; x_wconf 80' lang='lat' dir='ltr'>vere</span> <span class='ocrx_word' id='word_1_85' title='bbox 1537 939 1656 1002; x_wconf 77' lang='lat' dir='ltr'>pertinen·</span> 
     </span>
     <span class='ocr_line' id='line_1_7' title="bbox 60 1012 1657 1095; baseline 0.003 -21"><span class='ocrx_word' id='word_1_86' title='bbox 60 1013 222 1092; x_wconf 82' lang='grc' dir='ltr'>εδσιῦμακαλ</span> <span class='ocrx_word' id='word_1_87' title='bbox 235 1013 269 1074; x_wconf 78' lang='lat' dir='ltr'>ric</span> <span class='ocrx_word' id='word_1_88' title='bbox 282 1013 429 1082; x_wconf 82' lang='grc' dir='ltr'>ἔκτδςόντα</span> <span class='ocrx_word' id='word_1_89' title='bbox 456 1015 506 1095; x_wconf 79' lang='grc' dir='ltr'>οὔχ</span> <span class='ocrx_word' id='word_1_90' title='bbox 517 1017 593 1092; x_wconf 79' lang='grc' dir='ltr'>ἡμῶν</span> <span class='ocrx_word' id='word_1_91' title='bbox 609 1012 765 1088; x_wconf 81' lang='grc' dir='ltr'>ε’στικακδν,</span> <span class='ocrx_word' id='word_1_92' title='bbox 779 1017 831 1072; x_wconf 82' lang='grc' dir='ltr'>τῶν</span> <span class='ocrx_word' id='word_1_93' title='bbox 874 1022 953 1085; x_wconf 84' lang='lat' dir='ltr'>iis,si</span> <span class='ocrx_word' id='word_1_94' title='bbox 963 1021 1036 1074; x_wconf 91' lang='lat' dir='ltr'>modo</span> <span class='ocrx_word' id='word_1_95' title='bbox 1047 1023 1163 1088; x_wconf 74' lang='lat' dir='ltr'>sepimus·</span> <span class='ocrx_word' id='word_1_96' title='bbox 1195 1024 1657 1092; x_wconf 84' lang='lat' dir='ltr'>Utilitnsreroetbonunniiiud,quod</span> 
     </span>
     <span class='ocr_line' id='line_1_8' title="bbox 59 1101 1656 1186; baseline 0.003 -23"><span class='ocrx_word' id='word_1_97' title='bbox 59 1105 219 1182; x_wconf 72' lang='grc' dir='ltr'>όντωςημῦν,</span> <span class='ocrx_word' id='word_1_98' title='bbox 236 1101 282 1162; x_wconf 70' lang='lat' dir='ltr'>cir</span> <span class='ocrx_word' id='word_1_99' title='bbox 294 1102 427 1186; x_wconf 75' lang='grc' dir='ltr'>νήφωμεν.</span> <span class='ocrx_word' id='word_1_100' title='bbox 469 1101 505 1163; x_wconf 88' lang='lat' dir='ltr'>‘H</span> <span class='ocrx_word' id='word_1_101' title='bbox 520 1101 671 1185; x_wconf 83' lang='grc' dir='ltr'>δίώφίλεια</span> <span class='ocrx_word' id='word_1_102' title='bbox 685 1101 702 1175; x_wconf 76' lang='grc' dir='ltr'>ἢ</span> <span class='ocrx_word' id='word_1_103' title='bbox 717 1101 746 1162; x_wconf 80' lang='grc' dir='ltr'>τό</span> <span class='ocrx_word' id='word_1_104' title='bbox 764 1103 832 1182; x_wconf 80' lang='grc' dir='ltr'>ἀγα·</span> <span class='ocrx_word' id='word_1_105' title='bbox 873 1110 956 1162; x_wconf 82' lang='grc' dir='ltr'>ῖιιίιοο</span> <span class='ocrx_word' id='word_1_106' title='bbox 966 1111 1028 1162; x_wconf 85' lang='lat' dir='ltr'>inest</span> <span class='ocrx_word' id='word_1_107' title='bbox 1043 1115 1069 1162; x_wconf 90' lang='lat' dir='ltr'>ot</span> <span class='ocrx_word' id='word_1_108' title='bbox 1078 1111 1203 1164; x_wconf 86' lang='lat' dir='ltr'>honestem</span> <span class='ocrx_word' id='word_1_109' title='bbox 1213 1125 1265 1164; x_wconf 86' lang='lat' dir='ltr'>rem</span> <span class='ocrx_word' id='word_1_110' title='bbox 1277 1125 1332 1164; x_wconf 85' lang='lat' dir='ltr'>cunn</span> <span class='ocrx_word' id='word_1_111' title='bbox 1342 1112 1455 1176; x_wconf 78' lang='lat' dir='ltr'>periculis</span> <span class='ocrx_word' id='word_1_112' title='bbox 1466 1115 1656 1179; x_wconf 80' lang='lat' dir='ltr'>susceperimus,</span> 
     </span>
     <span class='ocr_line' id='line_1_9' title="bbox 59 1189 1657 1275; baseline 0.003 -23"><span class='ocrx_word' id='word_1_113' title='bbox 59 1192 93 1252; x_wconf 84' lang='grc' dir='ltr'>ίὸν</span> <span class='ocrx_word' id='word_1_114' title='bbox 104 1197 145 1252; x_wconf 83' lang='grc' dir='ltr'>τοῦ</span> <span class='ocrx_word' id='word_1_115' title='bbox 154 1191 201 1264; x_wconf 73' lang='grc' dir='ltr'>τὴν</span> <span class='ocrx_word' id='word_1_116' title='bbox 214 1190 319 1272; x_wconf 81' lang='grc' dir='ltr'>ἀγαθὴν</span> <span class='ocrx_word' id='word_1_117' title='bbox 330 1191 425 1275; x_wconf 75' lang='grc' dir='ltr'>πρᾶξιν</span> <span class='ocrx_word' id='word_1_118' title='bbox 437 1190 505 1271; x_wconf 74' lang='grc' dir='ltr'>μετὰ</span> <span class='ocrx_word' id='word_1_119' title='bbox 516 1189 641 1252; x_wconf 83' lang='grc' dir='ltr'>κινδύνων</span> <span class='ocrx_word' id='word_1_120' title='bbox 654 1191 774 1267; x_wconf 78' lang='grc' dir='ltr'>ἑλέσθαι,</span> <span class='ocrx_word' id='word_1_121' title='bbox 786 1196 833 1266; x_wconf 72' lang='grc' dir='ltr'>τῆς</span> <span class='ocrx_word' id='word_1_122' title='bbox 873 1213 930 1251; x_wconf 85' lang='lat' dir='ltr'>oum</span> <span class='ocrx_word' id='word_1_123' title='bbox 941 1200 973 1252; x_wconf 87' lang='lat' dir='ltr'>sit</span> <span class='ocrx_word' id='word_1_124' title='bbox 982 1201 1055 1252; x_wconf 78' lang='lat' dir='ltr'>enimi</span> <span class='ocrx_word' id='word_1_125' title='bbox 1064 1201 1172 1264; x_wconf 87' lang='lat' dir='ltr'>bonum,</span> <span class='ocrx_word' id='word_1_126' title='bbox 1188 1201 1297 1266; x_wconf 80' lang='grc' dir='ltr'>ειῖεοηυε</span> <span class='ocrx_word' id='word_1_127' title='bbox 1307 1215 1364 1254; x_wconf 87' lang='lat' dir='ltr'>rere</span> <span class='ocrx_word' id='word_1_128' title='bbox 1376 1207 1502 1268; x_wconf 88' lang='lat' dir='ltr'>nostrum,</span> <span class='ocrx_word' id='word_1_129' title='bbox 1514 1204 1604 1256; x_wconf 83' lang='lat' dir='ltr'>multoe</span> <span class='ocrx_word' id='word_1_130' title='bbox 1615 1205 1657 1256; x_wconf 82' lang='lat' dir='ltr'>do</span> 
     </span>
     <span class='ocr_line' id='line_1_10' title="bbox 58 1281 1657 1366; baseline 0.002 -25"><span class='ocrx_word' id='word_1_131' title='bbox 58 1285 130 1362; x_wconf 75' lang='grc' dir='ltr'>ψυχῆς</span> <span class='ocrx_word' id='word_1_132' title='bbox 143 1281 219 1356; x_wconf 87' lang='grc' dir='ltr'>όντα,</span> <span class='ocrx_word' id='word_1_133' title='bbox 234 1281 307 1342; x_wconf 88' lang='grc' dir='ltr'>τοῦτ’</span> <span class='ocrx_word' id='word_1_134' title='bbox 322 1281 392 1342; x_wconf 89' lang='grc' dir='ltr'>ίστιν</span> <span class='ocrx_word' id='word_1_135' title='bbox 403 1285 491 1360; x_wconf 75' lang='grc' dir='ltr'>ἡμῶν,</span> <span class='ocrx_word' id='word_1_136' title='bbox 505 1285 558 1342; x_wconf 80' lang='grc' dir='ltr'>τῶν</span> <span class='ocrx_word' id='word_1_137' title='bbox 571 1281 651 1351; x_wconf 90' lang='grc' dir='ltr'>όντως</span> <span class='ocrx_word' id='word_1_138' title='bbox 663 1286 749 1360; x_wconf 79' lang='grc' dir='ltr'>ἡμῶν,</span> <span class='ocrx_word' id='word_1_139' title='bbox 766 1285 833 1342; x_wconf 84' lang='grc' dir='ltr'>πολ·</span> <span class='ocrx_word' id='word_1_140' title='bbox 873 1290 951 1353; x_wconf 83' lang='grc' dir='ltr'>ίοεοο,</span> <span class='ocrx_word' id='word_1_141' title='bbox 967 1289 1069 1353; x_wconf 68' lang='lat' dir='ltr'>mmm,</span> <span class='ocrx_word' id='word_1_142' title='bbox 1088 1290 1187 1353; x_wconf 84' lang='lat' dir='ltr'>enniiin,</span> <span class='ocrx_word' id='word_1_143' title='bbox 1205 1295 1230 1342; x_wconf 88' lang='lat' dir='ltr'>et</span> <span class='ocrx_word' id='word_1_144' title='bbox 1247 1291 1390 1366; x_wconf 74' lang='lat' dir='ltr'>ignominias</span> <span class='ocrx_word' id='word_1_145' title='bbox 1407 1296 1562 1358; x_wconf 79' lang='lat' dir='ltr'>compensat,</span> <span class='ocrx_word' id='word_1_146' title='bbox 1580 1293 1657 1346; x_wconf 86' lang='lat' dir='ltr'>immo</span> 
     </span>
     <span class='ocr_line' id='line_1_11' title="bbox 32 1368 1658 1454; baseline 0.004 -26"><span class='ocrx_word' id='word_1_147' title='bbox 32 1400 47 1436; x_wconf 72' lang='grc' dir='ltr'>ιι</span> <span class='ocrx_word' id='word_1_148' title='bbox 58 1372 106 1438; x_wconf 90' lang='grc' dir='ltr'>λιιῖς</span> <span class='ocrx_word' id='word_1_149' title='bbox 124 1368 238 1445; x_wconf 84' lang='grc' dir='ltr'>ὀδύναις,</span> <span class='ocrx_word' id='word_1_150' title='bbox 258 1370 306 1431; x_wconf 85' lang='grc' dir='ltr'>καί</span> <span class='ocrx_word' id='word_1_151' title='bbox 325 1369 444 1450; x_wconf 79' lang='grc' dir='ltr'>ζημίαις,</span> <span class='ocrx_word' id='word_1_152' title='bbox 462 1370 509 1430; x_wconf 86' lang='grc' dir='ltr'>καὶ</span> <span class='ocrx_word' id='word_1_153' title='bbox 525 1381 634 1454; x_wconf 91' lang='grc' dir='ltr'>φυγαῖς,</span> <span class='ocrx_word' id='word_1_154' title='bbox 649 1371 695 1430; x_wconf 84' lang='grc' dir='ltr'>καί</span> <span class='ocrx_word' id='word_1_155' title='bbox 717 1371 833 1450; x_wconf 81' lang='grc' dir='ltr'>ἀτιμίαις</span> <span class='ocrx_word' id='word_1_156' title='bbox 874 1391 932 1430; x_wconf 84' lang='lat' dir='ltr'>nero</span> <span class='ocrx_word' id='word_1_157' title='bbox 947 1379 1000 1430; x_wconf 81' lang='lat' dir='ltr'>istis</span> <span class='ocrx_word' id='word_1_158' title='bbox 1013 1379 1128 1431; x_wconf 83' lang='lat' dir='ltr'>omnibus</span> <span class='ocrx_word' id='word_1_159' title='bbox 1146 1380 1327 1445; x_wconf 75' lang='lat' dir='ltr'>propenderet,</span> <span class='ocrx_word' id='word_1_160' title='bbox 1343 1393 1435 1446; x_wconf 83' lang='lat' dir='ltr'>suoque</span> <span class='ocrx_word' id='word_1_161' title='bbox 1453 1381 1594 1434; x_wconf 71' lang='lat' dir='ltr'>excelientia</span> <span class='ocrx_word' id='word_1_162' title='bbox 1611 1383 1658 1434; x_wconf 83' lang='lat' dir='ltr'>isto</span> 
     </span>
     <span class='ocr_line' id='line_1_12' title="bbox 57 1458 1657 1542; baseline 0.004 -25"><span class='ocrx_word' id='word_1_163' title='bbox 57 1463 238 1533; x_wconf 85' lang='grc' dir='ltr'>ἀντισηκοῦται·</span> <span class='ocrx_word' id='word_1_164' title='bbox 250 1462 352 1540; x_wconf 73' lang='grc' dir='ltr'>μᾶλλον</span> <span class='ocrx_word' id='word_1_165' title='bbox 363 1458 391 1520; x_wconf 74' lang='grc' dir='ltr'>δέ</span> <span class='ocrx_word' id='word_1_166' title='bbox 401 1458 834 1542; x_wconf 81' lang='grc' dir='ltr'>καταόαρεῑίκεῖνα,καὶπῇύπερ-</span> <span class='ocrx_word' id='word_1_167' title='bbox 873 1467 1018 1519; x_wconf 84' lang='lat' dir='ltr'>consoletur.</span> <span class='ocrx_word' id='word_1_168' title='bbox 1052 1469 1297 1520; x_wconf 83' lang='lat' dir='ltr'>omnisenimironro</span> <span class='ocrx_word' id='word_1_169' title='bbox 1307 1469 1399 1522; x_wconf 90' lang='lat' dir='ltr'>bonurn</span> <span class='ocrx_word' id='word_1_170' title='bbox 1411 1470 1554 1533; x_wconf 77' lang='lat' dir='ltr'>meiuscunn</span> <span class='ocrx_word' id='word_1_171' title='bbox 1564 1471 1657 1524; x_wconf 84' lang='lat' dir='ltr'>minore</span> 
     </span>
     <span class='ocr_line' id='line_1_13' title="bbox 57 1547 1658 1632; baseline 0.004 -26"><span class='ocrx_word' id='word_1_172' title='bbox 57 1548 161 1630; x_wconf 76' lang='grc' dir='ltr'>όολῇτσῦ</span> <span class='ocrx_word' id='word_1_173' title='bbox 174 1551 276 1630; x_wconf 86' lang='grc' dir='ltr'>ἀγαθοῦ</span> <span class='ocrx_word' id='word_1_174' title='bbox 288 1549 492 1630; x_wconf 86' lang='grc' dir='ltr'>παραμυθεῖται.</span> <span class='ocrx_word' id='word_1_175' title='bbox 534 1548 589 1610; x_wconf 86' lang='grc' dir='ltr'>Καὶ</span> <span class='ocrx_word' id='word_1_176' title='bbox 601 1547 652 1630; x_wconf 85' lang='grc' dir='ltr'>γάρ</span> <span class='ocrx_word' id='word_1_177' title='bbox 666 1557 719 1617; x_wconf 75' lang='grc' dir='ltr'>πᾶς</span> <span class='ocrx_word' id='word_1_178' title='bbox 731 1548 832 1632; x_wconf 88' lang='grc' dir='ltr'>ἀνθρω·</span> <span class='ocrx_word' id='word_1_179' title='bbox 873 1558 1100 1622; x_wconf 82' lang='lat' dir='ltr'>msioconjunctum</span> <span class='ocrx_word' id='word_1_180' title='bbox 1117 1559 1279 1622; x_wconf 77' lang='lat' dir='ltr'>conplectitur.</span> <span class='ocrx_word' id='word_1_181' title='bbox 1312 1559 1415 1621; x_wconf 83' lang='lat' dir='ltr'>Quodsi</span> <span class='ocrx_word' id='word_1_182' title='bbox 1431 1573 1490 1612; x_wconf 78' lang='lat' dir='ltr'>vero</span> <span class='ocrx_word' id='word_1_183' title='bbox 1502 1560 1658 1614; x_wconf 86' lang='lat' dir='ltr'>bonumeese</span> 
     </span>
     <span class='ocr_line' id='line_1_14' title="bbox 56 1637 1660 1720; baseline 0.001 -21"><span class='ocrx_word' id='word_1_184' title='bbox 56 1641 186 1717; x_wconf 78' lang='grc' dir='ltr'>ποςμεῖζον</span> <span class='ocrx_word' id='word_1_185' title='bbox 197 1639 298 1719; x_wconf 80' lang='grc' dir='ltr'>ἀγαθὸν</span> <span class='ocrx_word' id='word_1_186' title='bbox 311 1637 378 1717; x_wconf 78' lang='grc' dir='ltr'>μετὰ</span> <span class='ocrx_word' id='word_1_187' title='bbox 388 1637 524 1707; x_wconf 83' lang='grc' dir='ltr'>ἐλάττονος</span> <span class='ocrx_word' id='word_1_188' title='bbox 535 1644 618 1700; x_wconf 88' lang='grc' dir='ltr'>κακοῦ</span> <span class='ocrx_word' id='word_1_189' title='bbox 632 1642 755 1720; x_wconf 75' lang='grc' dir='ltr'>αἱρεῖται.</span> <span class='ocrx_word' id='word_1_190' title='bbox 797 1641 832 1700; x_wconf 84' lang='lat' dir='ltr'>Ei</span> <span class='ocrx_word' id='word_1_191' title='bbox 873 1648 1001 1710; x_wconf 81' lang='lat' dir='ltr'>nostrum,</span> <span class='ocrx_word' id='word_1_192' title='bbox 1022 1648 1113 1698; x_wconf 82' lang='lat' dir='ltr'>mnium</span> <span class='ocrx_word' id='word_1_193' title='bbox 1132 1661 1190 1699; x_wconf 82' lang='lat' dir='ltr'>nero</span> <span class='ocrx_word' id='word_1_194' title='bbox 1210 1648 1315 1699; x_wconf 78' lang='lat' dir='ltr'>alienum</span> <span class='ocrx_word' id='word_1_195' title='bbox 1336 1662 1390 1699; x_wconf 83' lang='lat' dir='ltr'>esee</span> <span class='ocrx_word' id='word_1_196' title='bbox 1409 1649 1525 1714; x_wconf 82' lang='lat' dir='ltr'>edpsret;</span> <span class='ocrx_word' id='word_1_197' title='bbox 1547 1651 1660 1714; x_wconf 84' lang='lat' dir='ltr'>pormsi</span> 
     </span>
     <span class='ocr_line' id='line_1_15' title="bbox 57 1725 1659 1814; baseline 0.003 -29"><span class='ocrx_word' id='word_1_198' title='bbox 57 1728 132 1805; x_wconf 84' lang='grc' dir='ltr'>μέντοι</span> <span class='ocrx_word' id='word_1_199' title='bbox 145 1733 214 1814; x_wconf 76' lang='grc' dir='ltr'>φανῇ</span> <span class='ocrx_word' id='word_1_200' title='bbox 229 1727 326 1807; x_wconf 79' lang='grc' dir='ltr'>τὸμὲν</span> <span class='ocrx_word' id='word_1_201' title='bbox 340 1727 436 1808; x_wconf 82' lang='grc' dir='ltr'>ἀγαθὸν</span> <span class='ocrx_word' id='word_1_202' title='bbox 450 1726 588 1809; x_wconf 75' lang='grc' dir='ltr'>ἡμέτερον,</span> <span class='ocrx_word' id='word_1_203' title='bbox 602 1727 632 1788; x_wconf 84' lang='grc' dir='ltr'>εδ</span> <span class='ocrx_word' id='word_1_204' title='bbox 648 1725 675 1788; x_wconf 76' lang='grc' dir='ltr'>δὲ</span> <span class='ocrx_word' id='word_1_205' title='bbox 688 1727 769 1788; x_wconf 86' lang='grc' dir='ltr'>κακδν</span> <span class='ocrx_word' id='word_1_206' title='bbox 783 1731 831 1788; x_wconf 85' lang='grc' dir='ltr'>ἀλ·</span> <span class='ocrx_word' id='word_1_207' title='bbox 873 1750 922 1788; x_wconf 94' lang='lat' dir='ltr'>non</span> <span class='ocrx_word' id='word_1_208' title='bbox 931 1736 1012 1788; x_wconf 81' lang='lat' dir='ltr'>verbis</span> <span class='ocrx_word' id='word_1_209' title='bbox 1021 1739 1116 1788; x_wconf 82' lang='lat' dir='ltr'>tontum</span> <span class='ocrx_word' id='word_1_210' title='bbox 1127 1741 1152 1790; x_wconf 88' lang='lat' dir='ltr'>et</span> <span class='ocrx_word' id='word_1_211' title='bbox 1168 1737 1250 1796; x_wconf 79' lang='lat' dir='ltr'>lobiis,</span> <span class='ocrx_word' id='word_1_212' title='bbox 1266 1738 1313 1789; x_wconf 86' lang='lat' dir='ltr'>ieri</span> <span class='ocrx_word' id='word_1_213' title='bbox 1330 1737 1435 1804; x_wconf 82' lang='lat' dir='ltr'>quodum</span> <span class='ocrx_word' id='word_1_214' title='bbox 1446 1739 1574 1790; x_wconf 77' lang='lat' dir='ltr'>accedente</span> <span class='ocrx_word' id='word_1_215' title='bbox 1586 1740 1659 1804; x_wconf 81' lang='lat' dir='ltr'>pinso·</span> 
     </span>
     <span class='ocr_line' id='line_1_16' title="bbox 30 1815 1659 1900; baseline -0.001 -20"><span class='ocrx_word' id='word_1_216' title='bbox 30 1845 46 1880; x_wconf 79' lang='grc' dir='ltr'>υ</span> <span class='ocrx_word' id='word_1_217' title='bbox 56 1817 153 1900; x_wconf 88' lang='grc' dir='ltr'>λότριον,</span> <span class='ocrx_word' id='word_1_218' title='bbox 168 1817 215 1878; x_wconf 86' lang='grc' dir='ltr'>καλ</span> <span class='ocrx_word' id='word_1_219' title='bbox 239 1817 277 1898; x_wconf 79' lang='grc' dir='ltr'>μὴ</span> <span class='ocrx_word' id='word_1_220' title='bbox 294 1816 372 1896; x_wconf 81' lang='grc' dir='ltr'>λόγος</span> <span class='ocrx_word' id='word_1_221' title='bbox 393 1815 472 1896; x_wconf 88' lang='grc' dir='ltr'>μόνον</span> <span class='ocrx_word' id='word_1_222' title='bbox 491 1822 567 1877; x_wconf 90' lang='grc' dir='ltr'>τοῦτο</span> <span class='ocrx_word' id='word_1_223' title='bbox 584 1815 649 1898; x_wconf 81' lang='grc' dir='ltr'>λέγῃ</span> <span class='ocrx_word' id='word_1_224' title='bbox 664 1817 832 1900; x_wconf 82' lang='grc' dir='ltr'>προφορικδς,</span> <span class='ocrx_word' id='word_1_225' title='bbox 874 1827 947 1888; x_wconf 83' lang='lat' dir='ltr'>tesia,</span> <span class='ocrx_word' id='word_1_226' title='bbox 957 1827 983 1877; x_wconf 94' lang='lat' dir='ltr'>id</span> <span class='ocrx_word' id='word_1_227' title='bbox 994 1826 1112 1890; x_wconf 87' lang='lat' dir='ltr'>dicimos,</span> <span class='ocrx_word' id='word_1_228' title='bbox 1125 1827 1235 1879; x_wconf 79' lang='lat' dir='ltr'>sedvere</span> <span class='ocrx_word' id='word_1_229' title='bbox 1251 1831 1275 1879; x_wconf 86' lang='lat' dir='ltr'>et</span> <span class='ocrx_word' id='word_1_230' title='bbox 1286 1827 1336 1879; x_wconf 87' lang='lat' dir='ltr'>inno</span> <span class='ocrx_word' id='word_1_231' title='bbox 1344 1831 1441 1893; x_wconf 84' lang='lat' dir='ltr'>pectore</span> <span class='ocrx_word' id='word_1_232' title='bbox 1455 1828 1584 1881; x_wconf 74' lang='lat' dir='ltr'>discrimen</span> <span class='ocrx_word' id='word_1_233' title='bbox 1600 1828 1659 1880; x_wconf 86' lang='lat' dir='ltr'>iilud</span> 
     </span>
     <span class='ocr_line' id='line_1_17' title="bbox 56 1903 1660 1992; baseline 0.001 -26"><span class='ocrx_word' id='word_1_234' title='bbox 56 1908 92 1966; x_wconf 83' lang='grc' dir='ltr'>καὶ</span> <span class='ocrx_word' id='word_1_235' title='bbox 103 1905 163 1990; x_wconf 74' lang='grc' dir='ltr'>ψιλὴ</span> <span class='ocrx_word' id='word_1_236' title='bbox 178 1905 329 1992; x_wconf 89' lang='grc' dir='ltr'>φαντασία,</span> <span class='ocrx_word' id='word_1_237' title='bbox 344 1907 413 1966; x_wconf 84' lang='grc' dir='ltr'>ἀλλά</span> <span class='ocrx_word' id='word_1_238' title='bbox 425 1905 471 1966; x_wconf 88' lang='grc' dir='ltr'>καλ</span> <span class='ocrx_word' id='word_1_239' title='bbox 482 1903 558 1986; x_wconf 80' lang='grc' dir='ltr'>λόγος</span> <span class='ocrx_word' id='word_1_240' title='bbox 576 1905 696 1992; x_wconf 84' lang='grc' dir='ltr'>συμφυὴς</span> <span class='ocrx_word' id='word_1_241' title='bbox 709 1932 743 1988; x_wconf 85' lang='grc' dir='ltr'>τη</span> <span class='ocrx_word' id='word_1_242' title='bbox 763 1909 832 1980; x_wconf 91' lang='grc' dir='ltr'>ἀλη-</span> <span class='ocrx_word' id='word_1_243' title='bbox 874 1917 1006 1977; x_wconf 77' lang='grc' dir='ltr'>εειιῑίιιιυος</span> <span class='ocrx_word' id='word_1_244' title='bbox 1019 1931 1068 1980; x_wconf 88' lang='lat' dir='ltr'>quo</span> <span class='ocrx_word' id='word_1_245' title='bbox 1077 1919 1147 1982; x_wconf 81' lang='lat' dir='ltr'>pecto</span> <span class='ocrx_word' id='word_1_246' title='bbox 1156 1917 1235 1968; x_wconf 86' lang='lat' dir='ltr'>ediruc</span> <span class='ocrx_word' id='word_1_247' title='bbox 1243 1917 1325 1969; x_wconf 76' lang='lat' dir='ltr'>tristes</span> <span class='ocrx_word' id='word_1_248' title='bbox 1340 1921 1366 1968; x_wconf 84' lang='lat' dir='ltr'>et</span> <span class='ocrx_word' id='word_1_249' title='bbox 1375 1917 1439 1968; x_wconf 77' lang='lat' dir='ltr'>ennii</span> <span class='ocrx_word' id='word_1_250' title='bbox 1449 1917 1603 1968; x_wconf 83' lang='lat' dir='ltr'>diiiicuitstes</span> <span class='ocrx_word' id='word_1_251' title='bbox 1616 1917 1660 1968; x_wconf 85' lang='lat' dir='ltr'>iro·</span> 
     </span>
     <span class='ocr_line' id='line_1_18' title="bbox 56 1994 1660 2080; baseline 0.002 -26"><span class='ocrx_word' id='word_1_252' title='bbox 56 1996 116 2079; x_wconf 79' lang='grc' dir='ltr'>θείρ,</span> <span class='ocrx_word' id='word_1_253' title='bbox 126 1998 169 2056; x_wconf 83' lang='grc' dir='ltr'>καὶ</span> <span class='ocrx_word' id='word_1_254' title='bbox 183 1995 241 2070; x_wconf 73' lang='grc' dir='ltr'>ζωὴ</span> <span class='ocrx_word' id='word_1_255' title='bbox 256 1999 304 2068; x_wconf 75' lang='grc' dir='ltr'>τῆς</span> <span class='ocrx_word' id='word_1_256' title='bbox 319 1999 444 2080; x_wconf 83' lang='grc' dir='ltr'>διαφοράς</span> <span class='ocrx_word' id='word_1_257' title='bbox 459 1997 544 2054; x_wconf 80' lang='grc' dir='ltr'>αὐτῶν</span> <span class='ocrx_word' id='word_1_258' title='bbox 559 1994 760 2074; x_wconf 87' lang='grc' dir='ltr'>συναισθομένη·</span> <span class='ocrx_word' id='word_1_259' title='bbox 777 1998 833 2064; x_wconf 82' lang='grc' dir='ltr'>πῶς</span> <span class='ocrx_word' id='word_1_260' title='bbox 873 2003 949 2054; x_wconf 78' lang='lat' dir='ltr'>nentis</span> <span class='ocrx_word' id='word_1_261' title='bbox 967 2003 1093 2054; x_wconf 78' lang='lat' dir='ltr'>conatibus</span> <span class='ocrx_word' id='word_1_262' title='bbox 1110 2003 1242 2056; x_wconf 85' lang='lat' dir='ltr'>interdum·</span> <span class='ocrx_word' id='word_1_263' title='bbox 1253 2005 1326 2067; x_wconf 80' lang='lat' dir='ltr'>obiici</span> <span class='ocrx_word' id='word_1_264' title='bbox 1347 2006 1429 2056; x_wconf 77' lang='lat' dir='ltr'>soiitos</span> <span class='ocrx_word' id='word_1_265' title='bbox 1446 2006 1660 2070; x_wconf 74' lang='lat' dir='ltr'>exspectabimus?</span> 
     </span>
     <span class='ocr_line' id='line_1_19' title="bbox 55 2083 1656 2168; baseline 0.001 -23"><span class='ocrx_word' id='word_1_266' title='bbox 55 2087 244 2167; x_wconf 80' lang='grc' dir='ltr'>ίτιάτόλμωςῆ</span> <span class='ocrx_word' id='word_1_267' title='bbox 259 2089 372 2168; x_wconf 79' lang='grc' dir='ltr'>ἀνιαρῶς</span> <span class='ocrx_word' id='word_1_268' title='bbox 385 2083 567 2159; x_wconf 76' lang='grc' dir='ltr'>ἀνατεθήσεται</span> <span class='ocrx_word' id='word_1_269' title='bbox 580 2085 623 2146; x_wconf 80' lang='grc' dir='ltr'>ίπλ</span> <span class='ocrx_word' id='word_1_270' title='bbox 635 2089 668 2168; x_wconf 82' lang='grc' dir='ltr'>τῇ</span> <span class='ocrx_word' id='word_1_271' title='bbox 682 2086 769 2146; x_wconf 87' lang='grc' dir='ltr'>ίλπίδι</span> <span class='ocrx_word' id='word_1_272' title='bbox 780 2089 832 2146; x_wconf 84' lang='grc' dir='ltr'>τῶν</span> <span class='ocrx_word' id='word_1_273' title='bbox 874 2093 934 2142; x_wconf 79' lang='lat' dir='ltr'>narn</span> <span class='ocrx_word' id='word_1_274' title='bbox 950 2089 1010 2141; x_wconf 86' lang='lat' dir='ltr'>iiiod</span> <span class='ocrx_word' id='word_1_275' title='bbox 1030 2091 1110 2155; x_wconf 84' lang='lat' dir='ltr'>ipsum</span> <span class='ocrx_word' id='word_1_276' title='bbox 1131 2091 1176 2153; x_wconf 87' lang='lat' dir='ltr'>iis,</span> <span class='ocrx_word' id='word_1_277' title='bbox 1201 2093 1244 2156; x_wconf 90' lang='lat' dir='ltr'>qui</span> <span class='ocrx_word' id='word_1_278' title='bbox 1262 2094 1357 2144; x_wconf 73' lang='lat' dir='ltr'>notorie</span> <span class='ocrx_word' id='word_1_279' title='bbox 1379 2099 1539 2158; x_wconf 72' lang='lat' dir='ltr'>congruenter</span> <span class='ocrx_word' id='word_1_280' title='bbox 1554 2095 1656 2163; x_wconf 83' lang='lat' dir='ltr'>vivunt,</span> 
     </span>
     <span class='ocr_line' id='line_1_20' title="bbox 56 2175 1659 2258; baseline 0 -23"><span class='ocrx_word' id='word_1_281' title='bbox 56 2175 123 2236; x_wconf 85' lang='grc' dir='ltr'>ἐνίοτε</span> <span class='ocrx_word' id='word_1_282' title='bbox 136 2175 382 2256; x_wconf 82' lang='grc' dir='ltr'>ίπισυμόαινόντων</span> <span class='ocrx_word' id='word_1_283' title='bbox 397 2175 532 2258; x_wconf 79' lang='grc' dir='ltr'>δυσχερῶν</span> <span class='ocrx_word' id='word_1_284' title='bbox 544 2175 602 2244; x_wconf 83' lang='grc' dir='ltr'>ταῖς</span> <span class='ocrx_word' id='word_1_285' title='bbox 616 2177 727 2254; x_wconf 86' lang='grc' dir='ltr'>ἀγαθαῖς</span> <span class='ocrx_word' id='word_1_286' title='bbox 742 2177 832 2257; x_wconf 66' lang='grc' dir='ltr'>ἐγγει-</span> <span class='ocrx_word' id='word_1_287' title='bbox 874 2180 1004 2232; x_wconf 80' lang='lat' dir='ltr'>maximnm</span> <span class='ocrx_word' id='word_1_288' title='bbox 1017 2180 1161 2232; x_wconf 82' lang='lat' dir='ltr'>iriinritntenr</span> <span class='ocrx_word' id='word_1_289' title='bbox 1178 2181 1270 2246; x_wconf 84' lang='lat' dir='ltr'>ediert,</span> <span class='ocrx_word' id='word_1_290' title='bbox 1287 2183 1353 2247; x_wconf 86' lang='lat' dir='ltr'>quod</span> <span class='ocrx_word' id='word_1_291' title='bbox 1369 2197 1418 2234; x_wconf 90' lang='lat' dir='ltr'>non</span> <span class='ocrx_word' id='word_1_292' title='bbox 1430 2184 1492 2234; x_wconf 78' lang='lat' dir='ltr'>citro</span> <span class='ocrx_word' id='word_1_293' title='bbox 1510 2197 1659 2247; x_wconf 72' lang='lat' dir='ltr'>cromnam,</span> 
     </span>
     <span class='ocr_line' id='line_1_21' title="bbox 29 2263 1660 2348; baseline -0.001 -22"><span class='ocrx_word' id='word_1_294' title='bbox 29 2300 46 2335; x_wconf 82' lang='lat'>:-·</span> <span class='ocrx_word' id='word_1_295' title='bbox 57 2267 149 2348; x_wconf 68' lang='grc' dir='ltr'>ρησεσιγ</span> <span class='ocrx_word' id='word_1_296' title='bbox 160 2267 207 2328; x_wconf 88' lang='grc' dir='ltr'>καλ</span> <span class='ocrx_word' id='word_1_297' title='bbox 221 2265 288 2326; x_wconf 77' lang='grc' dir='ltr'>αὐτὸ</span> <span class='ocrx_word' id='word_1_298' title='bbox 299 2263 350 2348; x_wconf 77' lang='grc' dir='ltr'>γὰρ</span> <span class='ocrx_word' id='word_1_299' title='bbox 360 2265 493 2344; x_wconf 84' lang='grc' dir='ltr'>τοῦτο,τδ</span> <span class='ocrx_word' id='word_1_300' title='bbox 506 2264 573 2342; x_wconf 84' lang='grc' dir='ltr'>μετά</span> <span class='ocrx_word' id='word_1_301' title='bbox 586 2264 712 2325; x_wconf 78' lang='grc' dir='ltr'>κινδύνων</span> <span class='ocrx_word' id='word_1_302' title='bbox 728 2265 833 2326; x_wconf 65' lang='lat' dir='ltr'>cireen</span> <span class='ocrx_word' id='word_1_303' title='bbox 873 2269 915 2320; x_wconf 87' lang='lat' dir='ltr'>sed</span> <span class='ocrx_word' id='word_1_304' title='bbox 927 2283 982 2320; x_wconf 87' lang='lat' dir='ltr'>curn</span> <span class='ocrx_word' id='word_1_305' title='bbox 991 2269 1118 2334; x_wconf 85' lang='lat' dir='ltr'>periculis,</span> <span class='ocrx_word' id='word_1_306' title='bbox 1131 2271 1235 2323; x_wconf 79' lang='lat' dir='ltr'>subinde</span> <span class='ocrx_word' id='word_1_307' title='bbox 1246 2273 1318 2323; x_wconf 80' lang='lat' dir='ltr'>etium</span> <span class='ocrx_word' id='word_1_308' title='bbox 1330 2287 1387 2325; x_wconf 91' lang='lat' dir='ltr'>curn</span> <span class='ocrx_word' id='word_1_309' title='bbox 1400 2274 1459 2324; x_wconf 78' lang='lat' dir='ltr'>vitre</span> <span class='ocrx_word' id='word_1_310' title='bbox 1470 2273 1622 2336; x_wconf 81' lang='lat' dir='ltr'>discrimine,</span> <span class='ocrx_word' id='word_1_311' title='bbox 1634 2273 1660 2324; x_wconf 94' lang='lat' dir='ltr'>id</span> 
     </span>
     <span class='ocr_line' id='line_1_22' title="bbox 55 2353 1660 2437; baseline -0.001 -22"><span class='ocrx_word' id='word_1_312' title='bbox 55 2357 79 2416; x_wconf 79' lang='grc' dir='ltr'>τὸ</span> <span class='ocrx_word' id='word_1_313' title='bbox 89 2359 191 2437; x_wconf 82' lang='grc' dir='ltr'>ἀγαθὸν,</span> <span class='ocrx_word' id='word_1_314' title='bbox 205 2356 254 2416; x_wconf 85' lang='grc' dir='ltr'>καί</span> <span class='ocrx_word' id='word_1_315' title='bbox 267 2353 304 2434; x_wconf 80' lang='grc' dir='ltr'>μὴ</span> <span class='ocrx_word' id='word_1_316' title='bbox 321 2353 528 2437; x_wconf 76' lang='grc' dir='ltr'>ἀταλαιπώρως,</span> <span class='ocrx_word' id='word_1_317' title='bbox 550 2353 619 2414; x_wconf 81' lang='grc' dir='ltr'>ἀλλά</span> <span class='ocrx_word' id='word_1_318' title='bbox 631 2354 679 2414; x_wconf 87' lang='grc' dir='ltr'>καλ</span> <span class='ocrx_word' id='word_1_319' title='bbox 693 2357 832 2415; x_wconf 77' lang='grc' dir='ltr'>ἀποθανεῖν</span> <span class='ocrx_word' id='word_1_320' title='bbox 873 2359 938 2424; x_wconf 80' lang='lat' dir='ltr'>quod</span> <span class='ocrx_word' id='word_1_321' title='bbox 953 2358 1044 2410; x_wconf 85' lang='lat' dir='ltr'>bonnm</span> <span class='ocrx_word' id='word_1_322' title='bbox 1056 2364 1094 2412; x_wconf 84' lang='lat' dir='ltr'>est</span> <span class='ocrx_word' id='word_1_323' title='bbox 1110 2361 1298 2426; x_wconf 73' lang='lat' dir='ltr'>amplectuntur·</span> <span class='ocrx_word' id='word_1_324' title='bbox 1330 2362 1457 2414; x_wconf 83' lang='lat' dir='ltr'>Decinrnnt</span> <span class='ocrx_word' id='word_1_325' title='bbox 1467 2363 1514 2414; x_wconf 89' lang='lat' dir='ltr'>boc</span> <span class='ocrx_word' id='word_1_326' title='bbox 1528 2363 1660 2425; x_wconf 82' lang='lat' dir='ltr'>nenoeoei,</span> 
     </span>
     <span class='ocr_line' id='line_1_23' title="bbox 55 2443 1659 2527; baseline -0.001 -23"><span class='ocrx_word' id='word_1_327' title='bbox 55 2445 108 2527; x_wconf 79' lang='grc' dir='ltr'>ὑπὲρ</span> <span class='ocrx_word' id='word_1_328' title='bbox 120 2449 212 2520; x_wconf 76' lang='grc' dir='ltr'>αὐτοῦ,</span> <span class='ocrx_word' id='word_1_329' title='bbox 230 2445 357 2524; x_wconf 86' lang='grc' dir='ltr'>μεγίστην</span> <span class='ocrx_word' id='word_1_330' title='bbox 370 2443 530 2527; x_wconf 84' lang='grc' dir='ltr'>εὐφροσύνην</span> <span class='ocrx_word' id='word_1_331' title='bbox 541 2453 596 2513; x_wconf 87' lang='grc' dir='ltr'>τοῖς</span> <span class='ocrx_word' id='word_1_332' title='bbox 606 2443 678 2504; x_wconf 82' lang='grc' dir='ltr'>κατά</span> <span class='ocrx_word' id='word_1_333' title='bbox 688 2443 766 2526; x_wconf 91' lang='grc' dir='ltr'>φύσιν</span> <span class='ocrx_word' id='word_1_334' title='bbox 779 2445 832 2504; x_wconf 80' lang='grc' dir='ltr'>δια·</span> <span class='ocrx_word' id='word_1_335' title='bbox 874 2453 898 2502; x_wconf 87' lang='lat' dir='ltr'>et</span> <span class='ocrx_word' id='word_1_336' title='bbox 904 2449 1051 2513; x_wconf 84' lang='lat' dir='ltr'>quicumque</span> <span class='ocrx_word' id='word_1_337' title='bbox 1060 2463 1087 2501; x_wconf 85' lang='lat' dir='ltr'>ne</span> <span class='ocrx_word' id='word_1_338' title='bbox 1095 2463 1139 2516; x_wconf 85' lang='lat' dir='ltr'>pro</span> <span class='ocrx_word' id='word_1_339' title='bbox 1148 2449 1232 2516; x_wconf 76' lang='lat' dir='ltr'>petrino</span> <span class='ocrx_word' id='word_1_340' title='bbox 1239 2451 1317 2503; x_wconf 88' lang='lat' dir='ltr'>snlute</span> <span class='ocrx_word' id='word_1_341' title='bbox 1326 2451 1659 2504; x_wconf 77' lang='lat' dir='ltr'>Diisbisnibusderorerunt</span> 
     </span>
     <span class='ocr_line' id='line_1_24' title="bbox 55 2534 832 2614; baseline -0.004 -18"><span class='ocrx_word' id='word_1_342' title='bbox 55 2537 168 2614; x_wconf 80' lang='grc' dir='ltr'>κειμένοις</span> <span class='ocrx_word' id='word_1_343' title='bbox 188 2535 359 2597; x_wconf 80' lang='grc' dir='ltr'>ἐνδείκνυται.</span> <span class='ocrx_word' id='word_1_344' title='bbox 401 2534 457 2597; x_wconf 83' lang='grc' dir='ltr'>Καὶ</span> <span class='ocrx_word' id='word_1_345' title='bbox 487 2537 609 2608; x_wconf 81' lang='grc' dir='ltr'>δηλοῦσιν</span> <span class='ocrx_word' id='word_1_346' title='bbox 631 2538 655 2596; x_wconf 80' lang='grc' dir='ltr'>οἱ</span> <span class='ocrx_word' id='word_1_347' title='bbox 681 2537 832 2610; x_wconf 86' lang='grc' dir='ltr'>Μενοικεῖς,</span> 
     </span>
     <span class='ocr_line' id='line_1_25' title="bbox 56 2621 684 2706; baseline 0 -22"><span class='ocrx_word' id='word_1_348' title='bbox 56 2625 93 2684; x_wconf 84' lang='grc' dir='ltr'>καλ</span> <span class='ocrx_word' id='word_1_349' title='bbox 105 2625 158 2687; x_wconf 81' lang='grc' dir='ltr'>ὅσοι</span> <span class='ocrx_word' id='word_1_350' title='bbox 169 2627 216 2686; x_wconf 83' lang='grc' dir='ltr'>τὸν</span> <span class='ocrx_word' id='word_1_351' title='bbox 232 2625 298 2706; x_wconf 80' lang='grc' dir='ltr'>ὑπὲρ</span> <span class='ocrx_word' id='word_1_352' title='bbox 312 2623 437 2706; x_wconf 85' lang='grc' dir='ltr'>πατρίδος</span> <span class='ocrx_word' id='word_1_353' title='bbox 449 2621 549 2684; x_wconf 65' lang='grc' dir='ltr'>εἴλοντο</span> <span class='ocrx_word' id='word_1_354' title='bbox 563 2623 684 2685; x_wconf 90' lang='grc' dir='ltr'>θοίνατον.</span> 
     </span>
     <span class='ocr_line' id='line_1_26' title="bbox 28 2709 1658 2796; baseline -0.001 -22"><span class='ocrx_word' id='word_1_355' title='bbox 28 2738 45 2775; x_wconf 77' lang='grc' dir='ltr'>ει</span> <span class='ocrx_word' id='word_1_356' title='bbox 89 2715 164 2776; x_wconf 83' lang='grc' dir='ltr'>Καλό</span> <span class='ocrx_word' id='word_1_357' title='bbox 179 2712 229 2796; x_wconf 81' lang='grc' dir='ltr'>μὲν</span> <span class='ocrx_word' id='word_1_358' title='bbox 243 2715 402 2787; x_wconf 83' lang='grc' dir='ltr'>Ἐπίκτητος</span> <span class='ocrx_word' id='word_1_359' title='bbox 414 2713 458 2773; x_wconf 71' lang='lat' dir='ltr'>nrt</span> <span class='ocrx_word' id='word_1_360' title='bbox 468 2719 514 2772; x_wconf 86' lang='grc' dir='ltr'>τοῦ</span> <span class='ocrx_word' id='word_1_361' title='bbox 532 2711 717 2772; x_wconf 79' lang='grc' dir='ltr'>εὐτελεστάτου</span> <span class='ocrx_word' id='word_1_362' title='bbox 732 2710 779 2786; x_wconf 78' lang='grc' dir='ltr'>τὴν</span> <span class='ocrx_word' id='word_1_363' title='bbox 795 2713 834 2772; x_wconf 93' lang='grc' dir='ltr'>δι-</span> <span class='ocrx_word' id='word_1_364' title='bbox 906 2721 936 2770; x_wconf 84' lang='lat' dir='ltr'>nt</span> <span class='ocrx_word' id='word_1_365' title='bbox 947 2719 1070 2784; x_wconf 75' lang='lat' dir='ltr'>Epictetus</span> <span class='ocrx_word' id='word_1_366' title='bbox 1081 2721 1178 2784; x_wconf 87' lang='lat' dir='ltr'>quidem</span> <span class='ocrx_word' id='word_1_367' title='bbox 1189 2709 1228 2782; x_wconf 81' lang='lat' dir='ltr'>id,</span> <span class='ocrx_word' id='word_1_368' title='bbox 1244 2720 1310 2785; x_wconf 83' lang='lat' dir='ltr'>quod</span> <span class='ocrx_word' id='word_1_369' title='bbox 1325 2721 1517 2787; x_wconf 81' lang='lat' dir='ltr'>rnit‚exero1rio</span> <span class='ocrx_word' id='word_1_370' title='bbox 1532 2721 1658 2774; x_wconf 81' lang='lat' dir='ltr'>riiissimcn</span> 
     </span>
     <span class='ocr_line' id='line_1_27' title="bbox 55 2799 1661 2882; baseline 0.002 -22"><span class='ocrx_word' id='word_1_371' title='bbox 55 2801 190 2862; x_wconf 83' lang='grc' dir='ltr'>δασκαλίαν</span> <span class='ocrx_word' id='word_1_372' title='bbox 211 2803 336 2864; x_wconf 82' lang='grc' dir='ltr'>ποιεῖται·</span> <span class='ocrx_word' id='word_1_373' title='bbox 364 2801 422 2882; x_wconf 77' lang='grc' dir='ltr'>ἅμα</span> <span class='ocrx_word' id='word_1_374' title='bbox 446 2799 494 2881; x_wconf 82' lang='grc' dir='ltr'>μὲν</span> <span class='ocrx_word' id='word_1_375' title='bbox 519 2801 563 2860; x_wconf 80' lang='grc' dir='ltr'>ἐπὶ</span> <span class='ocrx_word' id='word_1_376' title='bbox 585 2805 637 2860; x_wconf 83' lang='grc' dir='ltr'>τῶν</span> <span class='ocrx_word' id='word_1_377' title='bbox 657 2802 764 2869; x_wconf 87' lang='grc' dir='ltr'>πολλοῖς</span> <span class='ocrx_word' id='word_1_378' title='bbox 787 2800 832 2862; x_wconf 88' lang='grc' dir='ltr'>καλ</span> <span class='ocrx_word' id='word_1_379' title='bbox 874 2808 1415 2874; x_wconf 78' lang='grc' dir='ltr'>εεΙᾱοεειςοΙιειυΙγιτεεσερῖίοιιεοιευευιρεε</span> <span class='ocrx_word' id='word_1_380' title='bbox 1428 2823 1533 2876; x_wconf 81' lang='grc' dir='ltr'>οο,ηυεο</span> <span class='ocrx_word' id='word_1_381' title='bbox 1543 2812 1661 2865; x_wconf 83' lang='grc' dir='ltr'>τουίιίεσί</span> 
     </span>
     <span class='ocr_line' id='line_1_28' title="bbox 56 2888 1661 2980; baseline 0.002 -31"><span class='ocrx_word' id='word_1_382' title='bbox 56 2891 171 2962; x_wconf 76' lang='grc' dir='ltr'>πολλάκις</span> <span class='ocrx_word' id='word_1_383' title='bbox 191 2891 391 2970; x_wconf 81' lang='grc' dir='ltr'>συμύαινόντων</span> <span class='ocrx_word' id='word_1_384' title='bbox 407 2889 606 2974; x_wconf 84' lang='grc' dir='ltr'>γνωριμώτερον</span> <span class='ocrx_word' id='word_1_385' title='bbox 623 2893 705 2950; x_wconf 82' lang='grc' dir='ltr'>ποιῶν</span> <span class='ocrx_word' id='word_1_386' title='bbox 722 2889 766 2949; x_wconf 78' lang='grc' dir='ltr'>τόν</span> <span class='ocrx_word' id='word_1_387' title='bbox 785 2888 832 2950; x_wconf 89' lang='grc' dir='ltr'>λό-</span> <span class='ocrx_word' id='word_1_388' title='bbox 875 2912 940 2980; x_wconf 64' lang='lat' dir='ltr'>nimpe</span> <span class='ocrx_word' id='word_1_389' title='bbox 951 2899 1075 2962; x_wconf 81' lang='lat' dir='ltr'>occidunt,</span> <span class='ocrx_word' id='word_1_390' title='bbox 1086 2899 1211 2949; x_wconf 83' lang='lat' dir='ltr'>cinrioront</span> <span class='ocrx_word' id='word_1_391' title='bbox 1222 2899 1326 2962; x_wconf 81' lang='lat' dir='ltr'>iaciens,</span> <span class='ocrx_word' id='word_1_392' title='bbox 1336 2901 1361 2951; x_wconf 86' lang='lat' dir='ltr'>et</span> <span class='ocrx_word' id='word_1_393' title='bbox 1369 2901 1451 2964; x_wconf 80' lang='lat' dir='ltr'>ipsum</span> <span class='ocrx_word' id='word_1_394' title='bbox 1459 2900 1599 2954; x_wconf 75' lang='lat' dir='ltr'>auditorum</span> <span class='ocrx_word' id='word_1_395' title='bbox 1606 2915 1661 2952; x_wconf 90' lang='lat' dir='ltr'>sen·</span> 
     </span>
     <span class='ocr_line' id='line_1_29' title="bbox 55 2979 1661 3058; baseline 0 -18"><span class='ocrx_word' id='word_1_396' title='bbox 55 3005 101 3056; x_wconf 88' lang='grc' dir='ltr'>γον,</span> <span class='ocrx_word' id='word_1_397' title='bbox 111 2983 154 3042; x_wconf 84' lang='grc' dir='ltr'>καλ</span> <span class='ocrx_word' id='word_1_398' title='bbox 164 2981 213 3056; x_wconf 74' lang='grc' dir='ltr'>τὴν</span> <span class='ocrx_word' id='word_1_399' title='bbox 226 2981 395 3055; x_wconf 82' lang='grc' dir='ltr'>συναίσθησιν</span> <span class='ocrx_word' id='word_1_400' title='bbox 406 2984 458 3040; x_wconf 86' lang='grc' dir='ltr'>τῶν</span> <span class='ocrx_word' id='word_1_401' title='bbox 469 2979 617 3041; x_wconf 78' lang='grc' dir='ltr'>ἀκουόντων</span> <span class='ocrx_word' id='word_1_402' title='bbox 629 2981 767 3040; x_wconf 82' lang='grc' dir='ltr'>ἀνακινῶν·</span> <span class='ocrx_word' id='word_1_403' title='bbox 776 2979 833 3058; x_wconf 76' lang='grc' dir='ltr'>ἅμα</span> <span class='ocrx_word' id='word_1_404' title='bbox 874 2989 1061 3049; x_wconf 81' lang='grc' dir='ltr'>ευιιιοκοίῖειιος</span> <span class='ocrx_word' id='word_1_405' title='bbox 1077 2987 1150 3038; x_wconf 82' lang='lat' dir='ltr'>simui</span> <span class='ocrx_word' id='word_1_406' title='bbox 1167 2987 1241 3051; x_wconf 83' lang='lat' dir='ltr'>(qnod</span> <span class='ocrx_word' id='word_1_407' title='bbox 1257 2989 1309 3052; x_wconf 81' lang='lat' dir='ltr'>ipse</span> <span class='ocrx_word' id='word_1_408' title='bbox 1319 2989 1363 3052; x_wconf 84' lang='lat' dir='ltr'>nit)</span> <span class='ocrx_word' id='word_1_409' title='bbox 1379 2989 1470 3039; x_wconf 84' lang='lat' dir='ltr'>tirones</span> <span class='ocrx_word' id='word_1_410' title='bbox 1486 2989 1511 3039; x_wconf 87' lang='lat' dir='ltr'>in</span> <span class='ocrx_word' id='word_1_411' title='bbox 1529 2990 1661 3041; x_wconf 83' lang='lat' dir='ltr'>minoribus</span> 
     </span>
     <span class='ocr_line' id='line_1_30' title="bbox 56 3061 1662 3154; baseline 0.001 -26"><span class='ocrx_word' id='word_1_412' title='bbox 56 3071 91 3148; x_wconf 78' lang='grc' dir='ltr'>δὲ,</span> <span class='ocrx_word' id='word_1_413' title='bbox 105 3069 167 3153; x_wconf 87' lang='grc' dir='ltr'>όπερ</span> <span class='ocrx_word' id='word_1_414' title='bbox 185 3072 264 3140; x_wconf 79' lang='grc' dir='ltr'>αὐτὸς</span> <span class='ocrx_word' id='word_1_415' title='bbox 278 3061 351 3149; x_wconf 82' lang='grc' dir='ltr'>είπε,</span> <span class='ocrx_word' id='word_1_416' title='bbox 372 3074 509 3154; x_wconf 85' lang='grc' dir='ltr'>προσεχῶς</span> <span class='ocrx_word' id='word_1_417' title='bbox 527 3071 553 3128; x_wconf 77' lang='grc' dir='ltr'>ἐν</span> <span class='ocrx_word' id='word_1_418' title='bbox 573 3079 625 3138; x_wconf 85' lang='grc' dir='ltr'>τοῖς</span> <span class='ocrx_word' id='word_1_419' title='bbox 645 3069 765 3130; x_wconf 83' lang='grc' dir='ltr'>ἔλάττσσι</span> <span class='ocrx_word' id='word_1_420' title='bbox 783 3085 833 3149; x_wconf 83' lang='grc' dir='ltr'>γυ·-</span> <span class='ocrx_word' id='word_1_421' title='bbox 875 3079 980 3142; x_wconf 86' lang='lat' dir='ltr'>primunr</span> <span class='ocrx_word' id='word_1_422' title='bbox 992 3077 1139 3129; x_wconf 86' lang='lat' dir='ltr'>exercendos</span> <span class='ocrx_word' id='word_1_423' title='bbox 1149 3089 1203 3128; x_wconf 79' lang='lat' dir='ltr'>esse</span> <span class='ocrx_word' id='word_1_424' title='bbox 1212 3075 1366 3138; x_wconf 84' lang='lat' dir='ltr'>monens,ob</span> <span class='ocrx_word' id='word_1_425' title='bbox 1376 3091 1418 3128; x_wconf 85' lang='lat' dir='ltr'>ess</span> <span class='ocrx_word' id='word_1_426' title='bbox 1427 3091 1524 3129; x_wconf 81' lang='lat' dir='ltr'>onussss</span> <span class='ocrx_word' id='word_1_427' title='bbox 1533 3091 1594 3142; x_wconf 83' lang='lat' dir='ltr'>ques</span> <span class='ocrx_word' id='word_1_428' title='bbox 1605 3080 1662 3130; x_wconf 84' lang='lat' dir='ltr'>ente</span> 
     </span>
     <span class='ocr_line' id='line_1_31' title="bbox 27 3155 1661 3242; baseline -0.001 -22"><span class='ocrx_word' id='word_1_429' title='bbox 27 3185 45 3220; x_wconf 87' lang='lat' dir='ltr'>:u</span> <span class='ocrx_word' id='word_1_430' title='bbox 56 3159 188 3236; x_wconf 74' lang='grc' dir='ltr'>μνόζεσθαι</span> <span class='ocrx_word' id='word_1_431' title='bbox 201 3158 263 3228; x_wconf 78' lang='grc' dir='ltr'>τοὺς</span> <span class='ocrx_word' id='word_1_432' title='bbox 277 3157 436 3240; x_wconf 75' lang='grc' dir='ltr'>ἀρχομένους</span> <span class='ocrx_word' id='word_1_433' title='bbox 447 3161 595 3242; x_wconf 83' lang='grc' dir='ltr'>παραινιῦν,</span> <span class='ocrx_word' id='word_1_434' title='bbox 610 3155 653 3217; x_wconf 71' lang='lat' dir='ltr'>ori</span> <span class='ocrx_word' id='word_1_435' title='bbox 667 3155 714 3226; x_wconf 83' lang='grc' dir='ltr'>τάς</span> <span class='ocrx_word' id='word_1_436' title='bbox 728 3158 833 3240; x_wconf 85' lang='grc' dir='ltr'>είρημέ-</span> <span class='ocrx_word' id='word_1_437' title='bbox 874 3167 989 3218; x_wconf 85' lang='lat' dir='ltr'>diximus.</span> <span class='ocrx_word' id='word_1_438' title='bbox 1021 3165 1068 3218; x_wconf 87' lang='lat' dir='ltr'>sed</span> <span class='ocrx_word' id='word_1_439' title='bbox 1080 3171 1183 3229; x_wconf 82' lang='lat' dir='ltr'>possunt</span> <span class='ocrx_word' id='word_1_440' title='bbox 1200 3165 1254 3216; x_wconf 80' lang='lat' dir='ltr'>inec</span> <span class='ocrx_word' id='word_1_441' title='bbox 1272 3166 1346 3216; x_wconf 76' lang='lat' dir='ltr'>etiarn</span> <span class='ocrx_word' id='word_1_442' title='bbox 1366 3165 1397 3216; x_wconf 84' lang='lat' dir='ltr'>od</span> <span class='ocrx_word' id='word_1_443' title='bbox 1415 3167 1508 3229; x_wconf 75' lang='lat' dir='ltr'>meiero</span> <span class='ocrx_word' id='word_1_444' title='bbox 1523 3167 1661 3230; x_wconf 73' lang='lat' dir='ltr'>transferri,</span> 
     </span>
     <span class='ocr_line' id='line_1_32' title="bbox 55 3246 1661 3332; baseline 0.001 -26"><span class='ocrx_word' id='word_1_445' title='bbox 55 3272 93 3316; x_wconf 79' lang='grc' dir='ltr'>νος</span> <span class='ocrx_word' id='word_1_446' title='bbox 105 3248 229 3332; x_wconf 85' lang='grc' dir='ltr'>πρότερον</span> <span class='ocrx_word' id='word_1_447' title='bbox 246 3249 341 3316; x_wconf 86' lang='grc' dir='ltr'>αλτίας.</span> <span class='ocrx_word' id='word_1_448' title='bbox 382 3247 490 3318; x_wconf 78' lang='grc' dir='ltr'>Ἔξεστι</span> <span class='ocrx_word' id='word_1_449' title='bbox 509 3247 536 3307; x_wconf 81' lang='grc' dir='ltr'>δὲ</span> <span class='ocrx_word' id='word_1_450' title='bbox 553 3247 599 3307; x_wconf 78' lang='grc' dir='ltr'>καί</span> <span class='ocrx_word' id='word_1_451' title='bbox 612 3248 655 3307; x_wconf 72' lang='lat' dir='ltr'>lori</span> <span class='ocrx_word' id='word_1_452' title='bbox 671 3246 705 3307; x_wconf 83' lang='grc' dir='ltr'>τά</span> <span class='ocrx_word' id='word_1_453' title='bbox 726 3247 832 3326; x_wconf 81' lang='grc' dir='ltr'>μείζονα</span> <span class='ocrx_word' id='word_1_454' title='bbox 874 3269 998 3322; x_wconf 79' lang='lat' dir='ltr'>quaecunr</span> <span class='ocrx_word' id='word_1_455' title='bbox 1016 3254 1150 3318; x_wconf 79' lang='lat' dir='ltr'>majoribus</span> <span class='ocrx_word' id='word_1_456' title='bbox 1160 3265 1226 3318; x_wconf 73' lang='lat' dir='ltr'>serpo</span> <span class='ocrx_word' id='word_1_457' title='bbox 1236 3253 1349 3318; x_wconf 82' lang='lat' dir='ltr'>periculis</span> <span class='ocrx_word' id='word_1_458' title='bbox 1364 3253 1492 3316; x_wconf 79' lang='lat' dir='ltr'>coniuncto</span> <span class='ocrx_word' id='word_1_459' title='bbox 1502 3257 1575 3305; x_wconf 89' lang='lat' dir='ltr'>sunt:</span> <span class='ocrx_word' id='word_1_460' title='bbox 1591 3256 1621 3307; x_wconf 90' lang='lat' dir='ltr'>ut</span> <span class='ocrx_word' id='word_1_461' title='bbox 1635 3256 1661 3306; x_wconf 91' lang='lat' dir='ltr'>in</span> 
     </span>
     <span class='ocr_line' id='line_1_33' title="bbox 56 3327 1660 3420; baseline -0.001 -24"><span class='ocrx_word' id='word_1_462' title='bbox 56 3336 225 3414; x_wconf 83' lang='grc' dir='ltr'>μετατιθέναι,</span> <span class='ocrx_word' id='word_1_463' title='bbox 239 3339 279 3420; x_wconf 79' lang='grc' dir='ltr'>ἐφ’</span> <span class='ocrx_word' id='word_1_464' title='bbox 291 3327 329 3404; x_wconf 81' lang='grc' dir='ltr'>οἷς</span> <span class='ocrx_word' id='word_1_465' title='bbox 340 3336 385 3396; x_wconf 90' lang='grc' dir='ltr'>καλ</span> <span class='ocrx_word' id='word_1_466' title='bbox 399 3335 511 3396; x_wconf 89' lang='grc' dir='ltr'>κίνδυνοι</span> <span class='ocrx_word' id='word_1_467' title='bbox 526 3335 640 3415; x_wconf 81' lang='grc' dir='ltr'>μείζονες</span> <span class='ocrx_word' id='word_1_468' title='bbox 654 3335 760 3396; x_wconf 72' lang='grc' dir='ltr'>ἕπονται</span> <span class='ocrx_word' id='word_1_469' title='bbox 772 3340 835 3398; x_wconf 86' lang='grc' dir='ltr'>πολ·</span> <span class='ocrx_word' id='word_1_470' title='bbox 873 3347 921 3398; x_wconf 81' lang='lat' dir='ltr'>iliis</span> <span class='ocrx_word' id='word_1_471' title='bbox 930 3347 1004 3397; x_wconf 84' lang='lat' dir='ltr'>etiem</span> <span class='ocrx_word' id='word_1_472' title='bbox 1014 3344 1251 3408; x_wconf 80' lang='lat' dir='ltr'>netnrnmcujusque</span> <span class='ocrx_word' id='word_1_473' title='bbox 1262 3343 1351 3405; x_wconf 77' lang='lat' dir='ltr'>negotii</span> <span class='ocrx_word' id='word_1_474' title='bbox 1367 3348 1521 3407; x_wconf 82' lang='lat' dir='ltr'>reputemus,</span> <span class='ocrx_word' id='word_1_475' title='bbox 1532 3345 1604 3408; x_wconf 86' lang='lat' dir='ltr'>qusie</span> <span class='ocrx_word' id='word_1_476' title='bbox 1613 3345 1660 3408; x_wconf 85' lang='lat' dir='ltr'>eit,</span> 
     </span>
     <span class='ocr_line' id='line_1_34' title="bbox 56 3423 1662 3508; baseline 0 -24"><span class='ocrx_word' id='word_1_477' title='bbox 56 3427 130 3496; x_wconf 84' lang='grc' dir='ltr'>λείαις·</span> <span class='ocrx_word' id='word_1_478' title='bbox 140 3427 186 3487; x_wconf 85' lang='grc' dir='ltr'>καλ</span> <span class='ocrx_word' id='word_1_479' title='bbox 199 3426 241 3486; x_wconf 83' lang='grc' dir='ltr'>ἐπ’</span> <span class='ocrx_word' id='word_1_480' title='bbox 256 3424 360 3486; x_wconf 82' lang='grc' dir='ltr'>ἐκείνων</span> <span class='ocrx_word' id='word_1_481' title='bbox 373 3431 419 3486; x_wconf 88' lang='grc' dir='ltr'>τοῦ</span> <span class='ocrx_word' id='word_1_482' title='bbox 431 3425 507 3508; x_wconf 84' lang='grc' dir='ltr'>ἔργου</span> <span class='ocrx_word' id='word_1_483' title='bbox 518 3423 566 3497; x_wconf 71' lang='grc' dir='ltr'>τὴν</span> <span class='ocrx_word' id='word_1_484' title='bbox 578 3425 655 3508; x_wconf 88' lang='grc' dir='ltr'>φύσιν</span> <span class='ocrx_word' id='word_1_485' title='bbox 667 3424 831 3505; x_wconf 84' lang='grc' dir='ltr'>λογίζεσθαι,</span> <span class='ocrx_word' id='word_1_486' title='bbox 874 3435 1136 3498; x_wconf 81' lang='lat' dir='ltr'>unnobisdignunrsit,</span> <span class='ocrx_word' id='word_1_487' title='bbox 1144 3433 1262 3496; x_wconf 62' lang='lat' dir='ltr'>omnibus</span> <span class='ocrx_word' id='word_1_488' title='bbox 1271 3446 1327 3483; x_wconf 90' lang='lat' dir='ltr'>corn</span> <span class='ocrx_word' id='word_1_489' title='bbox 1333 3431 1449 3482; x_wconf 83' lang='lat' dir='ltr'>molestiis</span> <span class='ocrx_word' id='word_1_490' title='bbox 1457 3433 1662 3497; x_wconf 75' lang='lat' dir='ltr'>sitoonjunctunn3</span> 
     </span>
     <span class='ocr_line' id='line_1_35' title="bbox 55 3513 1662 3598; baseline -0.002 -24"><span class='ocrx_word' id='word_1_491' title='bbox 55 3515 110 3576; x_wconf 91' lang='grc' dir='ltr'>ποία</span> <span class='ocrx_word' id='word_1_492' title='bbox 123 3541 161 3586; x_wconf 87' lang='grc' dir='ltr'>τις</span> <span class='ocrx_word' id='word_1_493' title='bbox 180 3517 263 3590; x_wconf 78' lang='grc' dir='ltr'>ἐστίν,</span> <span class='ocrx_word' id='word_1_494' title='bbox 283 3515 330 3575; x_wconf 85' lang='grc' dir='ltr'>καλ</span> <span class='ocrx_word' id='word_1_495' title='bbox 345 3519 367 3576; x_wconf 90' lang='grc' dir='ltr'>εί</span> <span class='ocrx_word' id='word_1_496' title='bbox 379 3513 517 3598; x_wconf 85' lang='grc' dir='ltr'>πρέπουσα</span> <span class='ocrx_word' id='word_1_497' title='bbox 541 3516 618 3593; x_wconf 83' lang='grc' dir='ltr'>ἡμῖν,</span> <span class='ocrx_word' id='word_1_498' title='bbox 640 3514 687 3576; x_wconf 86' lang='grc' dir='ltr'>καί</span> <span class='ocrx_word' id='word_1_499' title='bbox 700 3513 760 3574; x_wconf 90' lang='grc' dir='ltr'>τίνα</span> <span class='ocrx_word' id='word_1_500' title='bbox 777 3514 834 3597; x_wconf 76' lang='grc' dir='ltr'>ἔχει</span> <span class='ocrx_word' id='word_1_501' title='bbox 874 3525 927 3574; x_wconf 91' lang='lat' dir='ltr'>turn</span> <span class='ocrx_word' id='word_1_502' title='bbox 938 3527 966 3572; x_wconf 91' lang='grc' dir='ltr'>υι</span> <span class='ocrx_word' id='word_1_503' title='bbox 976 3521 1102 3572; x_wconf 86' lang='lat' dir='ltr'>nobiscum</span> <span class='ocrx_word' id='word_1_504' title='bbox 1112 3519 1303 3582; x_wconf 83' lang='lat' dir='ltr'>constituemus,</span> <span class='ocrx_word' id='word_1_505' title='bbox 1314 3533 1359 3569; x_wconf 86' lang='lat' dir='ltr'>nos</span> <span class='ocrx_word' id='word_1_506' title='bbox 1369 3517 1413 3570; x_wconf 86' lang='lat' dir='ltr'>bns</span> <span class='ocrx_word' id='word_1_507' title='bbox 1424 3531 1535 3585; x_wconf 82' lang='lat' dir='ltr'>quoquo,</span> <span class='ocrx_word' id='word_1_508' title='bbox 1545 3520 1566 3570; x_wconf 85' lang='lat' dir='ltr'>si</span> <span class='ocrx_word' id='word_1_509' title='bbox 1577 3521 1609 3570; x_wconf 87' lang='lat' dir='ltr'>itn</span> <span class='ocrx_word' id='word_1_510' title='bbox 1623 3533 1662 3572; x_wconf 82' lang='lat' dir='ltr'>res</span> 
     </span>
     <span class='ocr_line' id='line_1_36' title="bbox 28 3603 1661 3688; baseline -0.002 -24"><span class='ocrx_word' id='word_1_511' title='bbox 28 3621 46 3657; x_wconf 63' lang='grc' dir='ltr'>εἰ</span> <span class='ocrx_word' id='word_1_512' title='bbox 57 3607 162 3688; x_wconf 73' lang='grc' dir='ltr'>δυσχερῆ</span> <span class='ocrx_word' id='word_1_513' title='bbox 186 3604 315 3674; x_wconf 77' lang='grc' dir='ltr'>πολλάκις</span> <span class='ocrx_word' id='word_1_514' title='bbox 342 3603 576 3684; x_wconf 80' lang='grc' dir='ltr'>ίπισυμόαίνοντα·</span> <span class='ocrx_word' id='word_1_515' title='bbox 608 3603 655 3663; x_wconf 85' lang='grc' dir='ltr'>καὶ</span> <span class='ocrx_word' id='word_1_516' title='bbox 686 3603 833 3687; x_wconf 86' lang='grc' dir='ltr'>προορίζειν</span> <span class='ocrx_word' id='word_1_517' title='bbox 874 3610 969 3672; x_wconf 86' lang='lat' dir='ltr'>tulerit,</span> <span class='ocrx_word' id='word_1_518' title='bbox 988 3622 1058 3673; x_wconf 74' lang='lat' dir='ltr'>nequo</span> <span class='ocrx_word' id='word_1_519' title='bbox 1074 3609 1155 3658; x_wconf 84' lang='lat' dir='ltr'>enimn</span> <span class='ocrx_word' id='word_1_520' title='bbox 1167 3612 1331 3672; x_wconf 83' lang='lat' dir='ltr'>suscepturos.</span> <span class='ocrx_word' id='word_1_521' title='bbox 1366 3608 1405 3659; x_wconf 88' lang='lat' dir='ltr'>sic</span> <span class='ocrx_word' id='word_1_522' title='bbox 1421 3608 1485 3658; x_wconf 89' lang='lat' dir='ltr'>enirn</span> <span class='ocrx_word' id='word_1_523' title='bbox 1501 3611 1608 3659; x_wconf 69' lang='grc' dir='ltr'>καλειται</span> <span class='ocrx_word' id='word_1_524' title='bbox 1619 3621 1661 3662; x_wconf 86' lang='lat' dir='ltr'>no·</span> 
     </span>
     <span class='ocr_line' id='line_1_37' title="bbox 57 3692 1661 3777; baseline -0.003 -25"><span class='ocrx_word' id='word_1_525' title='bbox 57 3697 134 3776; x_wconf 80' lang='grc' dir='ltr'>ἑαυτῷ</span> <span class='ocrx_word' id='word_1_526' title='bbox 145 3695 175 3756; x_wconf 83' lang='grc' dir='ltr'>εδ</span> <span class='ocrx_word' id='word_1_527' title='bbox 186 3693 233 3754; x_wconf 85' lang='grc' dir='ltr'>καλ</span> <span class='ocrx_word' id='word_1_528' title='bbox 244 3701 329 3754; x_wconf 88' lang='grc' dir='ltr'>ταῦτα</span> <span class='ocrx_word' id='word_1_529' title='bbox 342 3693 438 3777; x_wconf 85' lang='grc' dir='ltr'>φέρειν,</span> <span class='ocrx_word' id='word_1_530' title='bbox 453 3697 476 3754; x_wconf 90' lang='grc' dir='ltr'>εί</span> <span class='ocrx_word' id='word_1_531' title='bbox 487 3692 599 3774; x_wconf 88' lang='grc' dir='ltr'>γίνοιτο,</span> <span class='ocrx_word' id='word_1_532' title='bbox 615 3692 736 3775; x_wconf 84' lang='grc' dir='ltr'>μετρίως.</span> <span class='ocrx_word' id='word_1_533' title='bbox 779 3693 833 3757; x_wconf 85' lang='grc' dir='ltr'>Ού-</span> <span class='ocrx_word' id='word_1_534' title='bbox 874 3703 1049 3752; x_wconf 79' lang='lat' dir='ltr'>rtraestuterm</span> <span class='ocrx_word' id='word_1_535' title='bbox 1061 3699 1203 3754; x_wconf 71' lang='lat' dir='ltr'>irretimur,</span> <span class='ocrx_word' id='word_1_536' title='bbox 1216 3697 1323 3748; x_wconf 87' lang='lat' dir='ltr'>etbonoc</span> <span class='ocrx_word' id='word_1_537' title='bbox 1340 3695 1442 3746; x_wconf 85' lang='lat' dir='ltr'>notionis</span> <span class='ocrx_word' id='word_1_538' title='bbox 1458 3696 1565 3746; x_wconf 88' lang='lat' dir='ltr'>iructum</span> <span class='ocrx_word' id='word_1_539' title='bbox 1581 3698 1661 3761; x_wconf 81' lang='lat' dir='ltr'>copie·</span> 
     </span>
     <span class='ocr_line' id='line_1_38' title="bbox 57 3780 1662 3865; baseline -0.005 -25"><span class='ocrx_word' id='word_1_540' title='bbox 57 3805 89 3840; x_wconf 78' lang='grc' dir='ltr'>τω</span> <span class='ocrx_word' id='word_1_541' title='bbox 101 3781 148 3864; x_wconf 84' lang='grc' dir='ltr'>γάρ</span> <span class='ocrx_word' id='word_1_542' title='bbox 161 3782 253 3844; x_wconf 79' lang='grc' dir='ltr'>ἑαυτὸν</span> <span class='ocrx_word' id='word_1_543' title='bbox 264 3781 334 3842; x_wconf 86' lang='grc' dir='ltr'>κατά</span> <span class='ocrx_word' id='word_1_544' title='bbox 346 3781 424 3865; x_wconf 91' lang='grc' dir='ltr'>φύσιν</span> <span class='ocrx_word' id='word_1_545' title='bbox 436 3780 531 3862; x_wconf 83' lang='grc' dir='ltr'>ἔχοντα</span> <span class='ocrx_word' id='word_1_546' title='bbox 545 3781 713 3864; x_wconf 73' lang='grc' dir='ltr'>διατηρήσει,</span> <span class='ocrx_word' id='word_1_547' title='bbox 730 3781 776 3842; x_wconf 73' lang='lat' dir='ltr'>civ</span> <span class='ocrx_word' id='word_1_548' title='bbox 788 3781 834 3842; x_wconf 86' lang='grc' dir='ltr'>καὶ</span> <span class='ocrx_word' id='word_1_549' title='bbox 876 3803 943 3850; x_wconf 84' lang='grc' dir='ltr'>αιυε,</span> <span class='ocrx_word' id='word_1_550' title='bbox 952 3793 976 3840; x_wconf 87' lang='lat' dir='ltr'>et</span> <span class='ocrx_word' id='word_1_551' title='bbox 984 3787 1111 3839; x_wconf 78' lang='lat' dir='ltr'>eventibus</span> <span class='ocrx_word' id='word_1_552' title='bbox 1121 3799 1169 3836; x_wconf 89' lang='lat' dir='ltr'>non</span> <span class='ocrx_word' id='word_1_553' title='bbox 1180 3783 1383 3850; x_wconf 68' lang='lat' dir='ltr'>perturbabimus</span> <span class='ocrx_word' id='word_1_554' title='bbox 1416 3785 1477 3833; x_wconf 81' lang='lat' dir='ltr'>item</span> <span class='ocrx_word' id='word_1_555' title='bbox 1488 3785 1531 3846; x_wconf 79' lang='lat' dir='ltr'>qui</span> <span class='ocrx_word' id='word_1_556' title='bbox 1541 3783 1662 3846; x_wconf 83' lang='lat' dir='ltr'>perbrrbn·</span> 
     </span>
     <span class='ocr_line' id='line_1_39' title="bbox 57 3868 1661 3956; baseline -0.004 -27"><span class='ocrx_word' id='word_1_557' title='bbox 57 3871 143 3945; x_wconf 76' lang='grc' dir='ltr'>τὀτῆς</span> <span class='ocrx_word' id='word_1_558' title='bbox 162 3873 281 3956; x_wconf 79' lang='grc' dir='ltr'>πράξεως</span> <span class='ocrx_word' id='word_1_559' title='bbox 305 3870 400 3952; x_wconf 80' lang='grc' dir='ltr'>ἀγαθόν</span> <span class='ocrx_word' id='word_1_560' title='bbox 423 3869 614 3954; x_wconf 82' lang='grc' dir='ltr'>καρπώοηται,</span> <span class='ocrx_word' id='word_1_561' title='bbox 640 3870 686 3930; x_wconf 87' lang='grc' dir='ltr'>καλ</span> <span class='ocrx_word' id='word_1_562' title='bbox 710 3870 760 3930; x_wconf 75' lang='grc' dir='ltr'>ὑπὸ</span> <span class='ocrx_word' id='word_1_563' title='bbox 781 3875 833 3932; x_wconf 85' lang='grc' dir='ltr'>τῶν</span> <span class='ocrx_word' id='word_1_564' title='bbox 876 3882 916 3927; x_wconf 83' lang='lat' dir='ltr'>tus</span> <span class='ocrx_word' id='word_1_565' title='bbox 925 3876 1011 3938; x_wconf 87' lang='lat' dir='ltr'>inerit,</span> <span class='ocrx_word' id='word_1_566' title='bbox 1022 3887 1096 3938; x_wconf 88' lang='lat' dir='ltr'>seque</span> <span class='ocrx_word' id='word_1_567' title='bbox 1106 3875 1130 3923; x_wconf 91' lang='lat' dir='ltr'>iu</span> <span class='ocrx_word' id='word_1_568' title='bbox 1140 3872 1210 3923; x_wconf 86' lang='lat' dir='ltr'>rnsiis</span> <span class='ocrx_word' id='word_1_569' title='bbox 1226 3884 1279 3922; x_wconf 84' lang='lat' dir='ltr'>esse</span> <span class='ocrx_word' id='word_1_570' title='bbox 1295 3868 1516 3934; x_wconf 75' lang='lat' dir='ltr'>putarerit31ssut</span> <span class='ocrx_word' id='word_1_571' title='bbox 1526 3869 1595 3920; x_wconf 84' lang='lat' dir='ltr'>initio</span> <span class='ocrx_word' id='word_1_572' title='bbox 1612 3883 1661 3922; x_wconf 91' lang='lat' dir='ltr'>non</span> 
     </span>
     <span class='ocr_line' id='line_1_40' title="bbox 59 3957 1660 4042; baseline -0.005 -24"><span class='ocrx_word' id='word_1_573' title='bbox 59 3961 244 4040; x_wconf 83' lang='grc' dir='ltr'>συμόοινόντων</span> <span class='ocrx_word' id='word_1_574' title='bbox 266 3959 304 4040; x_wconf 76' lang='grc' dir='ltr'>μὴ</span> <span class='ocrx_word' id='word_1_575' title='bbox 326 3964 459 4042; x_wconf 83' lang='grc' dir='ltr'>ταραχθῇ.</span> <span class='ocrx_word' id='word_1_576' title='bbox 501 3959 651 4042; x_wconf 85' lang='grc' dir='ltr'>Ταραχθελς</span> <span class='ocrx_word' id='word_1_577' title='bbox 670 3958 722 4042; x_wconf 81' lang='grc' dir='ltr'>γάρ</span> <span class='ocrx_word' id='word_1_578' title='bbox 741 3959 787 4021; x_wconf 83' lang='grc' dir='ltr'>καί</span> <span class='ocrx_word' id='word_1_579' title='bbox 808 3964 834 4022; x_wconf 81' lang='grc' dir='ltr'>ἐν</span> <span class='ocrx_word' id='word_1_580' title='bbox 876 3972 939 4018; x_wconf 85' lang='lat' dir='ltr'>recte</span> <span class='ocrx_word' id='word_1_581' title='bbox 948 3965 1066 4030; x_wconf 80' lang='lat' dir='ltr'>judicavit</span> <span class='ocrx_word' id='word_1_582' title='bbox 1083 3961 1264 4026; x_wconf 80' lang='lat' dir='ltr'>suscipiendum</span> <span class='ocrx_word' id='word_1_583' title='bbox 1273 3973 1328 4010; x_wconf 88' lang='lat' dir='ltr'>esse</span> <span class='ocrx_word' id='word_1_584' title='bbox 1343 3959 1479 4022; x_wconf 63' lang='lat' dir='ltr'>negotium</span> <span class='ocrx_word' id='word_1_585' title='bbox 1493 3957 1547 4019; x_wconf 84' lang='lat' dir='ltr'>eut,</span> <span class='ocrx_word' id='word_1_586' title='bbox 1565 3957 1586 4008; x_wconf 82' lang='lat' dir='ltr'>oi</span> <span class='ocrx_word' id='word_1_587' title='bbox 1604 3959 1660 4010; x_wconf 85' lang='lat' dir='ltr'>tum</span> 
     </span>
     <span class='ocr_line' id='line_1_41' title="bbox 32 4046 1660 4134; baseline -0.004 -27"><span class='ocrx_word' id='word_1_588' title='bbox 32 4055 123 4134; x_wconf 76' lang='grc' dir='ltr'>υκακῷ</span> <span class='ocrx_word' id='word_1_589' title='bbox 140 4051 250 4131; x_wconf 90' lang='grc' dir='ltr'>νομίσας</span> <span class='ocrx_word' id='word_1_590' title='bbox 271 4049 404 4128; x_wconf 88' lang='grc' dir='ltr'>γενέσθαι,</span> <span class='ocrx_word' id='word_1_591' title='bbox 426 4047 444 4121; x_wconf 77' lang='grc' dir='ltr'>ἢ</span> <span class='ocrx_word' id='word_1_592' title='bbox 462 4047 511 4122; x_wconf 76' lang='grc' dir='ltr'>τὴν</span> <span class='ocrx_word' id='word_1_593' title='bbox 529 4046 615 4130; x_wconf 77' lang='grc' dir='ltr'>ἀρχὴν</span> <span class='ocrx_word' id='word_1_594' title='bbox 629 4052 716 4118; x_wconf 88' lang='grc' dir='ltr'>κακῶς</span> <span class='ocrx_word' id='word_1_595' title='bbox 736 4047 835 4131; x_wconf 80' lang='grc' dir='ltr'>ἔκρινεν</span> <span class='ocrx_word' id='word_1_596' title='bbox 875 4059 952 4118; x_wconf 84' lang='lat' dir='ltr'>recte,</span> <span class='ocrx_word' id='word_1_597' title='bbox 965 4069 1030 4107; x_wconf 91' lang='lat' dir='ltr'>nunc</span> <span class='ocrx_word' id='word_1_598' title='bbox 1040 4053 1205 4106; x_wconf 83' lang='lat' dir='ltr'>eiterniunturn</span> <span class='ocrx_word' id='word_1_599' title='bbox 1217 4051 1242 4101; x_wconf 89' lang='lat' dir='ltr'>in</span> <span class='ocrx_word' id='word_1_600' title='bbox 1251 4051 1351 4100; x_wconf 86' lang='lat' dir='ltr'>modum</span> <span class='ocrx_word' id='word_1_601' title='bbox 1362 4051 1388 4100; x_wconf 88' lang='lat' dir='ltr'>et</span> <span class='ocrx_word' id='word_1_602' title='bbox 1397 4047 1481 4099; x_wconf 87' lang='lat' dir='ltr'>timide</span> <span class='ocrx_word' id='word_1_603' title='bbox 1495 4048 1660 4112; x_wconf 81' lang='lat' dir='ltr'>perturbetur,</span> 
     </span>
     <span class='ocr_line' id='line_1_42' title="bbox 60 4135 1659 4223; baseline -0.006 -28"><span class='ocrx_word' id='word_1_604' title='bbox 60 4138 165 4220; x_wconf 69' lang='grc' dir='ltr'>ἅψασθαι</span> <span class='ocrx_word' id='word_1_605' title='bbox 176 4145 222 4200; x_wconf 89' lang='grc' dir='ltr'>τοῦ</span> <span class='ocrx_word' id='word_1_606' title='bbox 235 4139 320 4223; x_wconf 85' lang='grc' dir='ltr'>ἔργου·</span> <span class='ocrx_word' id='word_1_607' title='bbox 332 4135 363 4213; x_wconf 79' lang='grc' dir='ltr'>ἢ,</span> <span class='ocrx_word' id='word_1_608' title='bbox 376 4140 398 4198; x_wconf 91' lang='grc' dir='ltr'>εί</span> <span class='ocrx_word' id='word_1_609' title='bbox 412 4135 472 4197; x_wconf 86' lang='grc' dir='ltr'>τότε</span> <span class='ocrx_word' id='word_1_610' title='bbox 489 4139 592 4212; x_wconf 83' lang='grc' dir='ltr'>καλῶς,</span> <span class='ocrx_word' id='word_1_611' title='bbox 606 4144 651 4198; x_wconf 88' lang='grc' dir='ltr'>νῦν</span> <span class='ocrx_word' id='word_1_612' title='bbox 664 4141 776 4217; x_wconf 84' lang='grc' dir='ltr'>ἀγεννῶς</span> <span class='ocrx_word' id='word_1_613' title='bbox 788 4139 833 4198; x_wconf 83' lang='grc' dir='ltr'>καλ</span> <span class='ocrx_word' id='word_1_614' title='bbox 876 4146 1001 4210; x_wconf 85' lang='lat' dir='ltr'>mutatque</span> <span class='ocrx_word' id='word_1_615' title='bbox 1011 4141 1154 4194; x_wconf 78' lang='lat' dir='ltr'>sententiam</span> <span class='ocrx_word' id='word_1_616' title='bbox 1170 4154 1177 4192; x_wconf 84' lang='grc' dir='ltr'>ε</span> <span class='ocrx_word' id='word_1_617' title='bbox 1191 4151 1295 4204; x_wconf 87' lang='lat' dir='ltr'>quorurn</span> <span class='ocrx_word' id='word_1_618' title='bbox 1309 4142 1440 4200; x_wconf 87' lang='lat' dir='ltr'>utrumque</span> <span class='ocrx_word' id='word_1_619' title='bbox 1450 4136 1533 4186; x_wconf 86' lang='lat' dir='ltr'>contro</span> <span class='ocrx_word' id='word_1_620' title='bbox 1547 4139 1659 4186; x_wconf 81' lang='lat' dir='ltr'>naturum</span> 
     </span>
     <span class='ocr_line' id='line_1_43' title="bbox 60 4224 921 4311; baseline 0.002 -27"><span class='ocrx_word' id='word_1_621' title='bbox 60 4228 139 4298; x_wconf 82' lang='grc' dir='ltr'>δειλῶς</span> <span class='ocrx_word' id='word_1_622' title='bbox 157 4228 330 4311; x_wconf 76' lang='grc' dir='ltr'>παρέπεται,</span> <span class='ocrx_word' id='word_1_623' title='bbox 350 4227 396 4289; x_wconf 82' lang='grc' dir='ltr'>καί</span> <span class='ocrx_word' id='word_1_624' title='bbox 411 4224 609 4308; x_wconf 83' lang='grc' dir='ltr'>μεταγινώσκει·</span> <span class='ocrx_word' id='word_1_625' title='bbox 627 4225 695 4310; x_wconf 80' lang='grc' dir='ltr'>ἀπερ</span> <span class='ocrx_word' id='word_1_626' title='bbox 710 4225 790 4310; x_wconf 86' lang='grc' dir='ltr'>ἀμφω</span> <span class='ocrx_word' id='word_1_627' title='bbox 804 4231 834 4288; x_wconf 85' lang='grc' dir='ltr'>οὐ</span> <span class='ocrx_word' id='word_1_628' title='bbox 875 4242 921 4288; x_wconf 76' lang='grc' dir='ltr'>σοι.</span> 
     </span>
     <span class='ocr_line' id='line_1_44' title="bbox 61 4317 595 4400; baseline 0.004 -26"><span class='ocrx_word' id='word_1_629' title='bbox 61 4317 121 4376; x_wconf 82' lang='grc' dir='ltr'>κατλι</span> <span class='ocrx_word' id='word_1_630' title='bbox 135 4317 211 4400; x_wconf 93' lang='grc' dir='ltr'>φύσιν</span> <span class='ocrx_word' id='word_1_631' title='bbox 225 4317 307 4378; x_wconf 80' lang='grc' dir='ltr'>ἐστίν.</span> <span class='ocrx_word' id='word_1_632' title='bbox 592 4337 595 4346; x_wconf 93' lang='grc'>’</span> 
     </span>
     <span class='ocr_line' id='line_1_45' title="bbox 95 4403 1662 4488; baseline -0.006 -23"><span class='ocrx_word' id='word_1_633' title='bbox 95 4409 144 4488; x_wconf 78' lang='lat' dir='ltr'>[iit</span> <span class='ocrx_word' id='word_1_634' title='bbox 152 4412 234 4468; x_wconf 72' lang='lat' dir='ltr'><strong>GM).</strong></span> <span class='ocrx_word' id='word_1_635' title='bbox 244 4407 292 4486; x_wconf 59' lang='lat' dir='ltr'>V0]</span> <span class='ocrx_word' id='word_1_636' title='bbox 302 4404 392 4467; x_wconf 78' lang='grc' dir='ltr'>Εἰπὼν</span> <span class='ocrx_word' id='word_1_637' title='bbox 402 4404 473 4474; x_wconf 78' lang='grc' dir='ltr'>ὅπως</span> <span class='ocrx_word' id='word_1_638' title='bbox 484 4404 618 4488; x_wconf 72' lang='grc' dir='ltr'>ἀτάραχον</span> <span class='ocrx_word' id='word_1_639' title='bbox 629 4404 738 4465; x_wconf 80' lang='grc' dir='ltr'>δυνατὸν</span> <span class='ocrx_word' id='word_1_640' title='bbox 749 4404 834 4484; x_wconf 80' lang='grc' dir='ltr'>μένειν</span> <span class='ocrx_word' id='word_1_641' title='bbox 908 4414 950 4480; x_wconf 81' lang='grc' dir='ltr'>[ΙΝ</span> <span class='ocrx_word' id='word_1_642' title='bbox 962 4411 1004 4477; x_wconf 87' lang='lat' dir='ltr'>v.]</span> <span class='ocrx_word' id='word_1_643' title='bbox 1014 4414 1134 4463; x_wconf 79' lang='lat' dir='ltr'>Hactenus</span> <span class='ocrx_word' id='word_1_644' title='bbox 1144 4407 1270 4473; x_wconf 81' lang='lat' dir='ltr'>exposuit,</span> <span class='ocrx_word' id='word_1_645' title='bbox 1279 4419 1328 4470; x_wconf 88' lang='lat' dir='ltr'>qno</span> <span class='ocrx_word' id='word_1_646' title='bbox 1337 4405 1407 4470; x_wconf 81' lang='lat' dir='ltr'>pecto</span> <span class='ocrx_word' id='word_1_647' title='bbox 1419 4403 1469 4456; x_wconf 86' lang='lat' dir='ltr'>ireri</span> <span class='ocrx_word' id='word_1_648' title='bbox 1480 4405 1569 4470; x_wconf 81' lang='lat' dir='ltr'>possit,</span> <span class='ocrx_word' id='word_1_649' title='bbox 1578 4417 1609 4456; x_wconf 87' lang='lat' dir='ltr'>ne</span> <span class='ocrx_word' id='word_1_650' title='bbox 1619 4404 1662 4456; x_wconf 85' lang='lat' dir='ltr'>dii·</span> 
     </span>
     <span class='ocr_line' id='line_1_46' title="bbox 32 4493 1662 4577; baseline -0.003 -24"><span class='ocrx_word' id='word_1_651' title='bbox 32 4515 50 4548; x_wconf 77' lang='lat' dir='ltr'>r,</span> <span class='ocrx_word' id='word_1_652' title='bbox 62 4495 105 4555; x_wconf 80' lang='grc' dir='ltr'>ὑπὸ</span> <span class='ocrx_word' id='word_1_653' title='bbox 116 4501 165 4556; x_wconf 84' lang='grc' dir='ltr'>τῶν</span> <span class='ocrx_word' id='word_1_654' title='bbox 178 4500 237 4565; x_wconf 88' lang='grc' dir='ltr'>ταῖς</span> <span class='ocrx_word' id='word_1_655' title='bbox 249 4495 374 4577; x_wconf 64' lang='grc' dir='ltr'>πριῦεσιν</span> <span class='ocrx_word' id='word_1_656' title='bbox 384 4493 625 4574; x_wconf 80' lang='grc' dir='ltr'>ἀπισυμόαινόντων</span> <span class='ocrx_word' id='word_1_657' title='bbox 644 4493 772 4562; x_wconf 79' lang='grc' dir='ltr'>πολλάκις</span> <span class='ocrx_word' id='word_1_658' title='bbox 784 4495 827 4554; x_wconf 85' lang='grc' dir='ltr'>δυ·</span> <span class='ocrx_word' id='word_1_659' title='bbox 877 4503 1025 4556; x_wconf 78' lang='lat' dir='ltr'>incuitotibus</span> <span class='ocrx_word' id='word_1_660' title='bbox 1034 4539 1041 4564; x_wconf 94' lang='lat'>,</span> <span class='ocrx_word' id='word_1_661' title='bbox 1051 4513 1106 4566; x_wconf 73' lang='lat' dir='ltr'>quse</span> <span class='ocrx_word' id='word_1_662' title='bbox 1113 4499 1259 4550; x_wconf 82' lang='lat' dir='ltr'>connituntur</span> <span class='ocrx_word' id='word_1_663' title='bbox 1268 4511 1334 4560; x_wconf 76' lang='lat' dir='ltr'>scope</span> <span class='ocrx_word' id='word_1_664' title='bbox 1343 4497 1464 4558; x_wconf 85' lang='lat' dir='ltr'>notiones,</span> <span class='ocrx_word' id='word_1_665' title='bbox 1474 4495 1662 4560; x_wconf 84' lang='lat' dir='ltr'>perturbemur:</span> 
     </span>
     <span class='ocr_line' id='line_1_47' title="bbox 63 4581 1662 4666; baseline -0.004 -24"><span class='ocrx_word' id='word_1_666' title='bbox 63 4589 149 4665; x_wconf 76' lang='grc' dir='ltr'>γερῶν·</span> <span class='ocrx_word' id='word_1_667' title='bbox 157 4585 197 4644; x_wconf 83' lang='grc' dir='ltr'>δτι</span> <span class='ocrx_word' id='word_1_668' title='bbox 208 4583 445 4666; x_wconf 73' lang='grc' dir='ltr'>προμελετήσαντα</span> <span class='ocrx_word' id='word_1_669' title='bbox 456 4583 523 4644; x_wconf 83' lang='grc' dir='ltr'>αιίτά</span> <span class='ocrx_word' id='word_1_670' title='bbox 535 4587 570 4651; x_wconf 87' lang='grc' dir='ltr'>ὡς</span> <span class='ocrx_word' id='word_1_671' title='bbox 584 4581 701 4661; x_wconf 79' lang='grc' dir='ltr'>ἑπόμενα</span> <span class='ocrx_word' id='word_1_672' title='bbox 711 4629 720 4662; x_wconf 95' lang='grc'>,</span> <span class='ocrx_word' id='word_1_673' title='bbox 731 4583 776 4644; x_wconf 87' lang='grc' dir='ltr'>καλ</span> <span class='ocrx_word' id='word_1_674' title='bbox 789 4587 831 4662; x_wconf 85' lang='grc' dir='ltr'>έγ-</span> <span class='ocrx_word' id='word_1_675' title='bbox 876 4592 976 4652; x_wconf 81' lang='lat' dir='ltr'>scilicet,</span> <span class='ocrx_word' id='word_1_676' title='bbox 987 4589 1041 4640; x_wconf 84' lang='lat' dir='ltr'>ente</span> <span class='ocrx_word' id='word_1_677' title='bbox 1049 4586 1215 4650; x_wconf 82' lang='lat' dir='ltr'>cogitandum,</span> <span class='ocrx_word' id='word_1_678' title='bbox 1225 4585 1275 4636; x_wconf 91' lang='lat' dir='ltr'>iore</span> <span class='ocrx_word' id='word_1_679' title='bbox 1283 4588 1311 4636; x_wconf 91' lang='lat' dir='ltr'>ut</span> <span class='ocrx_word' id='word_1_680' title='bbox 1320 4598 1355 4636; x_wconf 74' lang='lat' dir='ltr'>cre</span> <span class='ocrx_word' id='word_1_681' title='bbox 1365 4585 1497 4650; x_wconf 82' lang='lat' dir='ltr'>sequnntur</span> <span class='ocrx_word' id='word_1_682' title='bbox 1506 4599 1513 4634; x_wconf 80' lang='grc' dir='ltr'>ε</span> <span class='ocrx_word' id='word_1_683' title='bbox 1522 4588 1547 4636; x_wconf 90' lang='lat' dir='ltr'>ct</span> <span class='ocrx_word' id='word_1_684' title='bbox 1557 4589 1662 4636; x_wconf 87' lang='lat' dir='ltr'>stntuen·</span> 
     </span>
     <span class='ocr_line' id='line_1_48' title="bbox 62 4670 1662 4755; baseline -0.003 -27"><span class='ocrx_word' id='word_1_685' title='bbox 62 4672 174 4752; x_wconf 87' lang='grc' dir='ltr'>κρίναντα</span> <span class='ocrx_word' id='word_1_686' title='bbox 188 4673 234 4733; x_wconf 84' lang='grc' dir='ltr'>καί</span> <span class='ocrx_word' id='word_1_687' title='bbox 249 4674 306 4752; x_wconf 83' lang='grc' dir='ltr'>μετ’</span> <span class='ocrx_word' id='word_1_688' title='bbox 317 4675 402 4732; x_wconf 84' lang='grc' dir='ltr'>αὐτῶν</span> <span class='ocrx_word' id='word_1_689' title='bbox 417 4671 578 4745; x_wconf 76' lang='grc' dir='ltr'>ἑλέσθαιτὴν</span> <span class='ocrx_word' id='word_1_690' title='bbox 593 4671 695 4755; x_wconf 78' lang='grc' dir='ltr'>πρᾶξιν·</span> <span class='ocrx_word' id='word_1_691' title='bbox 707 4670 774 4750; x_wconf 85' lang='grc' dir='ltr'>μετά</span> <span class='ocrx_word' id='word_1_692' title='bbox 787 4671 835 4745; x_wconf 70' lang='grc' dir='ltr'>τὴν</span> <span class='ocrx_word' id='word_1_693' title='bbox 876 4681 998 4742; x_wconf 85' lang='lat' dir='ltr'>durn‚rem</span> <span class='ocrx_word' id='word_1_694' title='bbox 1004 4691 1058 4730; x_wconf 85' lang='lat' dir='ltr'>esse</span> <span class='ocrx_word' id='word_1_695' title='bbox 1065 4677 1139 4727; x_wconf 86' lang='lat' dir='ltr'>nitriio</span> <span class='ocrx_word' id='word_1_696' title='bbox 1146 4677 1226 4726; x_wconf 88' lang='lat' dir='ltr'>minus</span> <span class='ocrx_word' id='word_1_697' title='bbox 1234 4675 1420 4739; x_wconf 81' lang='lat' dir='ltr'>suscipiendam.</span> <span class='ocrx_word' id='word_1_698' title='bbox 1446 4677 1523 4734; x_wconf 83' lang='lat' dir='ltr'>Nunc,</span> <span class='ocrx_word' id='word_1_699' title='bbox 1530 4673 1662 4738; x_wconf 76' lang='lat' dir='ltr'>posticium</span> 
     </span>
     <span class='ocr_line' id='line_1_49' title="bbox 64 4759 1663 4846; baseline -0.004 -28"><span class='ocrx_word' id='word_1_700' title='bbox 64 4761 109 4820; x_wconf 79' lang='grc' dir='ltr'>ἀπὸ</span> <span class='ocrx_word' id='word_1_701' title='bbox 117 4768 159 4835; x_wconf 75' lang='grc' dir='ltr'>τῆς</span> <span class='ocrx_word' id='word_1_702' title='bbox 170 4761 281 4843; x_wconf 81' lang='grc' dir='ltr'>μελέτης</span> <span class='ocrx_word' id='word_1_703' title='bbox 291 4761 433 4846; x_wconf 78' lang='grc' dir='ltr'>ἀταραξίαν</span> <span class='ocrx_word' id='word_1_704' title='bbox 453 4769 498 4823; x_wconf 90' lang='grc' dir='ltr'>νῦν</span> <span class='ocrx_word' id='word_1_705' title='bbox 509 4762 591 4834; x_wconf 87' lang='grc' dir='ltr'>ἀλλην</span> <span class='ocrx_word' id='word_1_706' title='bbox 601 4759 775 4844; x_wconf 88' lang='grc' dir='ltr'>παραδίδωσι,</span> <span class='ocrx_word' id='word_1_707' title='bbox 787 4759 835 4834; x_wconf 66' lang='grc' dir='ltr'>τὴν</span> <span class='ocrx_word' id='word_1_708' title='bbox 877 4771 992 4820; x_wconf 81' lang='lat' dir='ltr'>rationem</span> <span class='ocrx_word' id='word_1_709' title='bbox 1004 4766 1110 4817; x_wconf 84' lang='lat' dir='ltr'>animum</span> <span class='ocrx_word' id='word_1_710' title='bbox 1121 4767 1202 4816; x_wconf 88' lang='lat' dir='ltr'>tutum</span> <span class='ocrx_word' id='word_1_711' title='bbox 1217 4763 1349 4828; x_wconf 81' lang='lat' dir='ltr'>proestsndi</span> <span class='ocrx_word' id='word_1_712' title='bbox 1365 4761 1609 4828; x_wconf 81' lang='lat' dir='ltr'>nperturbntionibns</span> <span class='ocrx_word' id='word_1_713' title='bbox 1620 4775 1663 4825; x_wconf 81' lang='lat' dir='ltr'>per</span> 
     </span>
     <span class='ocr_line' id='line_1_50' title="bbox 65 4850 1661 4937; baseline -0.003 -31"><span class='ocrx_word' id='word_1_714' title='bbox 65 4851 110 4910; x_wconf 78' lang='grc' dir='ltr'>ἀπό</span> <span class='ocrx_word' id='word_1_715' title='bbox 125 4857 169 4925; x_wconf 70' lang='grc' dir='ltr'>τῆς</span> <span class='ocrx_word' id='word_1_716' title='bbox 188 4851 290 4937; x_wconf 88' lang='grc' dir='ltr'>φύσεως</span> <span class='ocrx_word' id='word_1_717' title='bbox 309 4853 394 4911; x_wconf 86' lang='grc' dir='ltr'>αὐτῶν</span> <span class='ocrx_word' id='word_1_718' title='bbox 408 4857 460 4912; x_wconf 81' lang='grc' dir='ltr'>τῶν</span> <span class='ocrx_word' id='word_1_719' title='bbox 479 4851 623 4912; x_wconf 88' lang='grc' dir='ltr'>δοκούντων</span> <span class='ocrx_word' id='word_1_720' title='bbox 643 4853 777 4934; x_wconf 83' lang='grc' dir='ltr'>δυσχερῶν</span> <span class='ocrx_word' id='word_1_721' title='bbox 791 4850 837 4910; x_wconf 80' lang='grc' dir='ltr'>καί</span> <span class='ocrx_word' id='word_1_722' title='bbox 877 4853 1283 4925; x_wconf 75' lang='grc' dir='ltr'>φτοειιιεόῖιιιίῖοιιειιι,ιι1ἰααιίτοι1ῖί</span> <span class='ocrx_word' id='word_1_723' title='bbox 1290 4853 1416 4916; x_wconf 79' lang='lat' dir='ltr'>rationem,</span> <span class='ocrx_word' id='word_1_724' title='bbox 1427 4851 1458 4904; x_wconf 84' lang='lat' dir='ltr'>eb</span> <span class='ocrx_word' id='word_1_725' title='bbox 1467 4853 1573 4916; x_wconf 84' lang='lat' dir='ltr'>ipsorum</span> <span class='ocrx_word' id='word_1_726' title='bbox 1581 4864 1661 4903; x_wconf 90' lang='lat' dir='ltr'>rernm</span> 
     </span>
     <span class='ocr_line' id='line_1_51' title="bbox 34 4939 1662 5022; baseline -0.002 -27"><span class='ocrx_word' id='word_1_727' title='bbox 34 4943 233 5021; x_wconf 65' lang='lat' dir='ltr'>occupandorum</span> <span class='ocrx_word' id='word_1_728' title='bbox 254 4946 326 5020; x_wconf 75' lang='grc' dir='ltr'>ἡμᾶς</span> <span class='ocrx_word' id='word_1_729' title='bbox 340 4940 453 5012; x_wconf 75' lang='grc' dir='ltr'>ἔνδειξιν</span> <span class='ocrx_word' id='word_1_730' title='bbox 474 4943 585 5002; x_wconf 76' lang='grc' dir='ltr'>ἐνταῦθα</span> <span class='ocrx_word' id='word_1_731' title='bbox 604 4943 651 5001; x_wconf 79' lang='grc' dir='ltr'>οὐκ</span> <span class='ocrx_word' id='word_1_732' title='bbox 675 4939 713 5000; x_wconf 79' lang='grc' dir='ltr'>ἔτι</span> <span class='ocrx_word' id='word_1_733' title='bbox 734 4943 835 5022; x_wconf 82' lang='grc' dir='ltr'>μικρῷ,</span> <span class='ocrx_word' id='word_1_734' title='bbox 877 4953 962 5000; x_wconf 86' lang='lat' dir='ltr'>nnturn</span> <span class='ocrx_word' id='word_1_735' title='bbox 973 4949 1093 5006; x_wconf 76' lang='lat' dir='ltr'>sumtum,</span> <span class='ocrx_word' id='word_1_736' title='bbox 1109 4955 1165 5009; x_wconf 80' lang='lat' dir='ltr'>qure</span> <span class='ocrx_word' id='word_1_737' title='bbox 1176 4943 1285 4994; x_wconf 89' lang='lat' dir='ltr'>diiiiciies</span> <span class='ocrx_word' id='word_1_738' title='bbox 1296 4956 1349 4994; x_wconf 86' lang='lat' dir='ltr'>csse</span> <span class='ocrx_word' id='word_1_739' title='bbox 1367 4941 1488 5006; x_wconf 85' lang='lat' dir='ltr'>ridentur,</span> <span class='ocrx_word' id='word_1_740' title='bbox 1501 4953 1593 5004; x_wconf 84' lang='lat' dir='ltr'>nosque</span> <span class='ocrx_word' id='word_1_741' title='bbox 1608 4954 1662 5005; x_wconf 87' lang='lat' dir='ltr'>per-</span> 
     </span>
     <span class='ocr_line' id='line_1_52' title="bbox 66 5028 1662 5115; baseline -0.005 -27"><span class='ocrx_word' id='word_1_742' title='bbox 66 5028 126 5088; x_wconf 81' lang='grc' dir='ltr'>ἀλλά</span> <span class='ocrx_word' id='word_1_743' title='bbox 137 5036 174 5113; x_wconf 82' lang='grc' dir='ltr'>τῷ</span> <span class='ocrx_word' id='word_1_744' title='bbox 188 5030 305 5113; x_wconf 82' lang='grc' dir='ltr'>μεγίστῳ</span> <span class='ocrx_word' id='word_1_745' title='bbox 317 5034 369 5090; x_wconf 85' lang='grc' dir='ltr'>τιῦν</span> <span class='ocrx_word' id='word_1_746' title='bbox 383 5029 564 5115; x_wconf 87' lang='grc' dir='ltr'>ταραττόντων</span> <span class='ocrx_word' id='word_1_747' title='bbox 579 5035 663 5108; x_wconf 78' lang='grc' dir='ltr'>ἡμᾶς,</span> <span class='ocrx_word' id='word_1_748' title='bbox 678 5033 716 5110; x_wconf 83' lang='grc' dir='ltr'>τῷ</span> <span class='ocrx_word' id='word_1_749' title='bbox 733 5029 847 5112; x_wconf 80' lang='grc' dir='ltr'>θανάτφι,</span> <span class='ocrx_word' id='word_1_750' title='bbox 878 5038 975 5089; x_wconf 84' lang='lat' dir='ltr'>turbant</span> <span class='ocrx_word' id='word_1_751' title='bbox 990 5034 1167 5099; x_wconf 80' lang='lat' dir='ltr'>:exempioiric</span> <span class='ocrx_word' id='word_1_752' title='bbox 1179 5045 1238 5084; x_wconf 85' lang='lat' dir='ltr'>usus</span> <span class='ocrx_word' id='word_1_753' title='bbox 1253 5046 1301 5083; x_wconf 91' lang='lat' dir='ltr'>non</span> <span class='ocrx_word' id='word_1_754' title='bbox 1311 5044 1398 5096; x_wconf 83' lang='lat' dir='ltr'>porro,</span> <span class='ocrx_word' id='word_1_755' title='bbox 1416 5029 1458 5082; x_wconf 82' lang='lat' dir='ltr'>sed</span> <span class='ocrx_word' id='word_1_756' title='bbox 1474 5037 1565 5094; x_wconf 86' lang='lat' dir='ltr'>morte,</span> <span class='ocrx_word' id='word_1_757' title='bbox 1577 5043 1662 5082; x_wconf 88' lang='lat' dir='ltr'>eornrn</span> 
     </span>
     <span class='ocr_line' id='line_1_53' title="bbox 66 5117 1661 5201; baseline -0.006 -21"><span class='ocrx_word' id='word_1_758' title='bbox 66 5117 190 5198; x_wconf 79' lang='grc' dir='ltr'>χρώμενος</span> <span class='ocrx_word' id='word_1_759' title='bbox 212 5123 249 5188; x_wconf 86' lang='grc' dir='ltr'>είς</span> <span class='ocrx_word' id='word_1_760' title='bbox 274 5119 453 5201; x_wconf 84' lang='grc' dir='ltr'>παράδειγμα.</span> <span class='ocrx_word' id='word_1_761' title='bbox 507 5117 573 5180; x_wconf 76' lang='lat' dir='ltr'>’Etr</span> <span class='ocrx_word' id='word_1_762' title='bbox 596 5118 646 5199; x_wconf 80' lang='grc' dir='ltr'>γάρ</span> <span class='ocrx_word' id='word_1_763' title='bbox 674 5117 718 5177; x_wconf 84' lang='grc' dir='ltr'>ίπλ</span> <span class='ocrx_word' id='word_1_764' title='bbox 745 5117 837 5182; x_wconf 83' lang='grc' dir='ltr'>τούτου</span> <span class='ocrx_word' id='word_1_765' title='bbox 877 5141 933 5192; x_wconf 81' lang='lat' dir='ltr'>qcoe</span> <span class='ocrx_word' id='word_1_766' title='bbox 942 5123 1257 5190; x_wconf 83' lang='lat' dir='ltr'>nosperturbnntmnximo.</span> <span class='ocrx_word' id='word_1_767' title='bbox 1288 5119 1661 5184; x_wconf 79' lang='lat' dir='ltr'>Nnmsiid‚quodpropositum</span> 
     </span>
     <span class='ocr_line' id='line_1_54' title="bbox 69 5201 1661 5292; baseline -0.006 -27"><span class='ocrx_word' id='word_1_768' title='bbox 69 5207 147 5292; x_wconf 73' lang='grc' dir='ltr'>δειχθῇ</span> <span class='ocrx_word' id='word_1_769' title='bbox 164 5211 194 5271; x_wconf 84' lang='grc' dir='ltr'>εδ</span> <span class='ocrx_word' id='word_1_770' title='bbox 211 5210 392 5292; x_wconf 88' lang='grc' dir='ltr'>προκείμενον,</span> <span class='ocrx_word' id='word_1_771' title='bbox 415 5209 482 5272; x_wconf 80' lang='grc' dir='ltr'>πολὺ</span> <span class='ocrx_word' id='word_1_772' title='bbox 510 5212 610 5289; x_wconf 84' lang='grc' dir='ltr'>μᾶλλον</span> <span class='ocrx_word' id='word_1_773' title='bbox 631 5209 740 5270; x_wconf 79' lang='grc' dir='ltr'>ἐπὶτῶν</span> <span class='ocrx_word' id='word_1_774' title='bbox 759 5201 838 5282; x_wconf 70' lang='grc' dir='ltr'>ἧττον</span> <span class='ocrx_word' id='word_1_775' title='bbox 878 5217 961 5279; x_wconf 85' lang='lat' dir='ltr'>est‚in</span> <span class='ocrx_word' id='word_1_776' title='bbox 973 5213 1313 5273; x_wconf 68' lang='lat' dir='ltr'>bociueritdeuronstrstum</span> <span class='ocrx_word' id='word_1_777' title='bbox 1326 5207 1491 5272; x_wconf 77' lang='lat' dir='ltr'>multomagis</span> <span class='ocrx_word' id='word_1_778' title='bbox 1506 5208 1530 5258; x_wconf 94' lang='lat' dir='ltr'>in</span> <span class='ocrx_word' id='word_1_779' title='bbox 1546 5207 1592 5271; x_wconf 83' lang='lat' dir='ltr'>iis,</span> <span class='ocrx_word' id='word_1_780' title='bbox 1605 5220 1661 5272; x_wconf 76' lang='lat' dir='ltr'>qun</span> 
     </span>
     <span class='ocr_line' id='line_1_55' title="bbox 69 5293 1661 5394; baseline -0.004 -40"><span class='ocrx_word' id='word_1_781' title='bbox 69 5297 149 5358; x_wconf 82' lang='grc' dir='ltr'>τούτου</span> <span class='ocrx_word' id='word_1_782' title='bbox 163 5300 307 5394; x_wconf 60' lang='grc' dir='ltr'>δοκούντων</span> <span class='ocrx_word' id='word_1_783' title='bbox 322 5301 409 5360; x_wconf 81' lang='grc' dir='ltr'>δεινῶν</span> <span class='ocrx_word' id='word_1_784' title='bbox 429 5297 643 5377; x_wconf 83' lang='grc' dir='ltr'>ἀποδεδειγμένον</span> <span class='ocrx_word' id='word_1_785' title='bbox 658 5297 741 5358; x_wconf 82' lang='grc' dir='ltr'>ἔσται.</span> <span class='ocrx_word' id='word_1_786' title='bbox 760 5296 839 5378; x_wconf 83' lang='grc' dir='ltr'>Λέγει</span> <span class='ocrx_word' id='word_1_787' title='bbox 879 5308 959 5359; x_wconf 84' lang='lat' dir='ltr'>rninus</span> <span class='ocrx_word' id='word_1_788' title='bbox 974 5305 1064 5357; x_wconf 76' lang='lat' dir='ltr'>atrocia</span> <span class='ocrx_word' id='word_1_789' title='bbox 1080 5303 1202 5366; x_wconf 85' lang='lat' dir='ltr'>ridentur,</span> <span class='ocrx_word' id='word_1_790' title='bbox 1224 5301 1415 5352; x_wconf 73' lang='lat' dir='ltr'>demonstratum</span> <span class='ocrx_word' id='word_1_791' title='bbox 1433 5297 1488 5348; x_wconf 87' lang='lat' dir='ltr'>orit.</span> <span class='ocrx_word' id='word_1_792' title='bbox 1520 5296 1562 5347; x_wconf 81' lang='lat' dir='ltr'>nit</span> <span class='ocrx_word' id='word_1_793' title='bbox 1579 5293 1661 5369; x_wconf 68' lang='lat' dir='ltr'>iuibrr,</span> 
     </span>
    </p>
   </div>
   <div class='ocr_carea' id='block_1_3' title="bbox 0 0 1873 5776">
    <p class='ocr_par' dir='ltr' id='par_1_3' title="bbox 0 0 1873 5776">
     <span class='ocr_line' id='line_1_56' title="bbox 0 0 1873 5776; baseline 0 0"><span class='ocrx_word' id='word_1_794' title='bbox 0 0 1873 5776; x_wconf 95' lang='lat' dir='ltr'> </span> 
     </span>
    </p>
   </div>
  </div>
 </body>
</html>
