3740 5780
68 519 270 601 (ιω-«οι

509 509 689 575 Maximi
713 513 836 573 Tituli
861 509 1061 575 bissena.
1089 511 1216 576 XXIV.
1627 531 1664 583 99

66 663 154 738 πρᾷον·
166 650 213 712 καὶ
227 649 295 710 ἔστιν
307 649 333 708 ἐν
345 643 468 715 τοιούτοις
481 644 567 708 οίικέτι
581 646 703 728 ἀρχαῖος,
715 643 785 706 ἀλλὰ
795 668 842 704 τε·
885 653 1003 718 ejusmodi
1015 655 1088 706 rebus
1096 669 1144 706 non
1154 655 1258 720 amplius
1268 655 1433 721 antiquitatem
1445 657 1566 725 redoleat,
1575 660 1617 714 md
1628 675 1667 712 ar·

66 740 149 823 χνίτης
159 737 253 814 δεινθς,

124 883 224 934 οὶοινῦν
236 879 314 946 βροτοί
321 881 388 930 εἰσιν.

884 743 944 795 tifex
954 743 986 794 sit
996 744 1136 808 singularis,
1146 745 1166 795 si
1173 758 1298 809 compares

939 885 1024 942 Quales
1033 897 1095 933 nune
1105 886 1218 933 hemines.

68 1005 162 1069 Λθτίκα
178 1009 206 1066 ἐν
222 1002 320 1086 πρώτω
332 1002 402 1084 λόγῳ
418 1001 461 1062 ἐπὶ
475 1000 639 1084 αἰχμαλώτῳ
656 997 770 1082 ἐρασταὶ
783 997 843 1074 δύο,
887 1009 950 1058 Ecce
964 1009 1045 1058 statim
1056 1009 1081 1059 in
1092 1009 1209 1074 principie
1219 1009 1298 1074 operis
1313 1013 1432 1060 amatores
1443 1010 1573 1062 introducit
1610 1013 1674 1062 dnos

46 1092 133 1157 ιόυὶν
146 1091 242 1174 θρασύς
252 1063 457 1168 καὶιίπιμανὴς,
471 1093 485 1150 θ
499 1089 526 1150 δὶ
539 1089 637 1173 ἥμερος
651 1089 697 1150 καὶ
714 1087 842 1169 ἐμπαθές·
887 1096 988 1160 eaptiraa
999 1096 1120 1161 mulieris,
1131 1097 1390 1162 querumalternudax
1399 1100 1437 1149 est
1447 1104 1472 1149 et
1481 1099 1671 1162 luriosus;alter

68 1153 136 1242 θὶιὲν
148 1183 344 1263 ἀποφλσγοῦται
354 1179 388 1238 ed
400 1178 524 1258 ὄμματα,
541 1179 588 1238 καὶ
597 1179 758 1259 λοιδορεῖται
778 1185 844 1237 πᾶσι
887 1184 965 1235 lenior
974 1185 1085 1250 quidem,
1097 1187 1170 1250 hujus
1179 1189 1261 1238 tamen
1270 1187 1456 1252 perturbationis
1466 1188 1670 1240 haudimmunis:

67 1243 108 1330 κάί
125 1271 242 1329 ἀπειλεῖ·
259 1272 275 1327 δ
294 1265 322 1326 dd
334 1271 468 1350 ἀναχωρεῖ
479 1269 519 1349 ἐφ’
536 1265 661 1348 ἡσυχίας,
673 1265 720 1326 καὶ
737 1265 845 1348 δακρύει
889 1273 948 1324 alter
958 1285 988 1324 ex
996 1274 1278 1340 oeulisdammamjacit,
1290 1275 1452 1340 omnibusque
1461 1277 1620 1340 meledicttjet
1629 1279 1672 1328 mi·

67 1359 191 1436 κείμενος,
205 1356 252 1417 καὶ
263 1355 354 1435 ἀλύιι,
370 1354 416 1416 καὶ
436 1354 626 1415 ἀπελεύσεσθαι
643 1353 723 1436 φησὶ,
734 1354 781 1414 καὶ
797 1356 845 1414 οῦκ
889 1367 961 1413 natur
971 1363 1069 1427 ordine;
1086 1365 1146 1415 alter
1157 1365 1340 1426 tacitereeedit,
1352 1365 1420 1416 humi
1430 1365 1673 1430 lacrimausprocum·

68 1446 174 1507 ἄπεισιν.
216 1443 300 1517 Ἄλλη
326 1443 403 1504 εἰκῶν
426 1443 573 1504 ἀκολάστου
600 1441 706 1524 ἔρωτος·
732 1447 847 1509 τοιοῦτος
889 1451 939 1514 bit,
952 1453 977 1502 et
992 1455 1083 1503 temere
1095 1453 1206 1516 oberrat,
1222 1453 1385 1505 discessurum
1394 1453 1675 1519 deniqueeeait‚quum

37 1555 55 1593 ιιι
69 1537 135 1615 αὐτῷ
152 1537 166 1594 θ
181 1533 359 1613 Ἀλέξανδρος,
376 1522 427 1600 οἷος
446 1533 477 1592 ἐκ
491 1530 581 1612 μάχης
601 1529 735 1591 ἐπανιέναι
749 1535 785 1598 εἷς
801 1530 845 1590 τθν

68 1623 179 1700 θάλαμον
200 1621 247 1682 καὶ
269 1621 311 1680 ἀεὶ
325 1624 412 1701 μοιχῷ
431 1618 551 1681 ἐοικέναι.
592 1616 686 1680 Ἔστιν
707 1618 847 1702 αὐτῷκαὶ

68 1709 159 1779 δίκαως
171 1709 236 1791 ἔρως
247 1712 311 1793 παρ’
323 1710 419 1791 ἀμφοῖν
430 1708 501 1787 ίσος,
516 1699 598 1798 οἶονθ
611 1712 659 1781 τῆς
668 1706 847 1788 Ἀνδρομάχης

67 1799 108 1859 καὶ
123 1805 168 1858 τοῦ
184 1795 328 1880 Ἕκτορος·
349 1802 367 1870 ἡ
385 1796 433 1876 μὲν
455 1795 558 1879 πατέρα
576 1795 622 1856 καὶ
643 1795 754 1878 ἀδελφὸν
771 1799 847 1856 καλεῖ

891 1543 971 1590 [amm
983 1545 1086 1592 maneat.
1119 1542 1172 1593 Atia
1185 1546 1222 1592 est
1233 1541 1349 1608 impudici
1360 1543 1448 1593 ameris
1462 1543 1554 1607 imag03
1566 1557 1639 1608 quam
1651 1545 1675 1594 in
1767 1585 1769 1590 ,

891 1627 977 1678 Paride
986 1629 1112 1680 Homerico
1123 1630 1199 1682 hahes
1207 1668 1214 1693 ‚
1223 1632 1265 1695 qui
1279 1631 1362 1696 praelio
1372 1645 1398 1684 se
1406 1631 1532 1694 subducit,
1544 1632 1676 1683 thalamum

891 1716 979 1779 intrat,
988 1719 1014 1768 et
1025 1717 1117 1782 ubique
1132 1721 1227 1770 mosche
1236 1723 1274 1770 est
1289 1721 1382 1771 similis.
1415 1719 1525 1772 Invenies
1535 1721 1599 1785 apud
1608 1722 1677 1772 illum

891 1809 1017 1856 etcastum
1029 1821 1151 1868 amorem,
1165 1807 1208 1872 qul
1220 1808 1342 1873 utrimque
1353 1813 1439 1859 mutuo
1450 1809 1593 1873 respondet,
1605 1825 1677 1874 quem

67 1886 106 1946 τὸν
120 1888 200 1968 ἄνδρα
213 1886 259 1946 καὶ
270 1884 392 1969 ἐραστὴν,
403 1885 449 1945 καὶ
462 1884 551 1946 πάντα
565 1883 598 1958 δλ
612 1882 646 1944 cd
660 1883 774 1967 φίλτατα
784 1883 845 1944 θνό-
891 1893 915 1942 in
925 1889 1109 1946 Hectorebahes
1118 1902 1143 1946 et
1153 1896 1319 1948 Andromache
1327 1913 1335 1960 ς
1347 1910 1404 1962 qum
1413 1897 1464 1948 vire
1478 1911 1523 1949 sne
1539 1899 1675 1950 clamatori

38 1993 56 2028 ιο
68 1999 147 2053 ματα·
164 1979 179 2034 θ
196 1974 225 2034 δὲ
243 1973 302 2036 ούτι
324 1973 421 2055 μητρὸς
433 1971 567 2034 τοσουτονὶ
587 1975 659 2054 αὐτῷ
676 1971 775 2050 μέλειν,
786 1971 847 2033 όσον
891 1983 986 2032 Hectori
992 1984 1066 2046 patris
1072 1983 1208 2049 fratrisque,
1216 1991 1241 2035 et
1249 1985 1323 2048 siqua
1331 1988 1447 2050 praeterea
1454 1986 1601 2036 amicissima
1608 1989 1675 2049 sunt,

67 2062 173 2136 ἐκείνης,
187 2061 271 2141 λέγει.
311 2059 415 2130 Ἐδειξε
438 2060 546 2122 καὶτὸν
572 2059 738 2142 χαμαιεύνην
762 2060 847 2143 ἔρωτα

892 2069 974 2120 tribuit
982 2071 1092 2133 nomina;
1103 2073 1143 2123 hic
1152 2072 1256 2124 vicissim
1267 2087 1298 2124 ue
1310 2075 1340 2124 da
1350 2074 1531 2140 matrequidem
1543 2089 1620 2126 suase
1629 2081 1678 2126 tam

68 2150 107 2208 ἐπὶ
119 2155 165 2219 τῆς
178 2147 268 2231 Ἥρας
282 2149 327 2208 καὶ
341 2155 386 2210 τοῦ
400 2148 475 2217 Διός·
489 2149 536 2209 καὶ
543 2148 587 2209 τθν
600 2147 727 2230 dipem-ip
743 2149 787 2210 ἐπὶ
795 2153 846 2209 τῶν
891 2157 1018 2208 sollicitum
1029 2161 1251 2224 esseait,quamde
1261 2161 1309 2212 illa.
1342 2163 1410 2214 ldern
1420 2164 1678 2228 peeteostendltetiam

68 2237 239 2319 μνηστήρων·
255 2237 301 2297 καὶ
322 2236 367 2297 τθν
380 2237 465 2316 γόητα
486 2237 530 2298 ἐπὶ
550 2243 597 2310 τῆς
622 2239 779 2320 Καλυψοῦς·
800 2238 846 2298 καὶ
891 2259 1137 2300 νειιειεινωοωοτειιι
1149 2250 1423 2302 inconcubituiuuenis
1435 2256 1460 2302 et
1474 2253 1557 2316 Jeris;
1568 2253 1679 2303 etlibidi·

67 2325 106 2384 τὶν
121 2324 266 2408 φαρμακία
282 2324 326 2384 tal
343 2330 389 2398 τῆς
408 2324 524 2407 Κίρκης·
541 2326 587 2385 καὶ
604 2325 649 2385 τὸν
669 2327 785 2409 ἀνδρεῖον
804 2326 848 2386 ἐπὶ
892 2339 978 2377 nusum
991 2329 1015 2378 iu
1030 2329 1123 2392 procis;
1132 2329 1299 2382 illecebrosum
1311 2332 1335 2382 in
1347 2332 1492 2397 calypsonem
1502 2333 1637 2385 veneticum
1655 2335 1679 2385 in

35 2429 56 2468 ω
67 2438 100 2497 τῳ
113 2413 280 2498 Herpe'qur,
298 2413 343 2474 τὸν
356 2413 428 2497 πόνῳ
442 2415 536 2487 κτητὸν
552 2415 598 2475 καὶ
614 2412 701 2497 χρόφῳ
709 2460 718 2492 γ
734 2413 780 2474 χαὶ
801 2414 848 2493 μέ.
892 2408 978 2458 circe:
994 2409 1087 2459 uirilem
1103 2410 1128 2460 in
1137 2413 1261 2475 Patroclo,
1273 2413 1355 2464 labore
1370 2418 1395 2464 et
1406 2417 1515 2480 tempore
1531 2417 1643 2479 partum,
1655 2421 1681 2466 et

67 2525 108 2584 χρι
121 2503 235 2564 θανάτου
254 2501 457 2585 προερχόμενον,
477 2501 542 2561 νέων
568 2501 614 2561 καὶ
627 2505 716 2562 καλῶν
731 2502 849 2586 ἀμφοτέ-

69 2615 124 2672 ρων,
136 2591 182 2651 καὶ
199 2590 348 2673 σωφρόνων,
366 2595 411 2650 τοῦ
428 2589 476 2669 μθν
490 2589 670 2664 παιδεύοντος,
686 2596 731 2650 τοῦ
745 2589 772 2650 δὲ
786 2615 851 2652 παι-

68 2679 217 2759 θευομένου·
232 2683 247 2738 θ
261 2677 308 2758 μὲν
330 2678 453 2760 ἄχθεται,
468 2683 482 2739 ὁ
499 2677 527 2738 δὲ
544 2683 755 2761 παραμυθεῖται·
774 2683 788 2740 θ
803 2679 850 2758 μὲν

69 2767 134 2848 ᾄδει,
147 2773 161 2828 ὁ
175 2767 207 2828 δὲ
221 2769 363 2850 ἀκροᾶται·
388 2766 512 2848 ἐρωτικθν
529 2764 557 2826 δὲ
575 2768 622 2828 καὶ
638 2767 669 2827 τθ
685 2769 773 2849 τυχεῖν
794 2767 847 2828 ἐθί-

36 2876 56 2915 υε
68 2857 142 2915 λοντα
158 2855 278 2926 ἐξουσίας
292 2856 355 2938 πρὸς
369 2855 470 2936 μάχην,
482 2857 611 2937 δακρῦσαι
624 2860 659 2924 ῶς
670 2859 718 2916 οῦκ
731 2856 851 2936 ἀνεξομέ-

68 2967 108 3004 νου
122 2951 168 3006 τοῦ
188 2947 314 3026 ἐραστοῦ·
331 2949 345 3004 θ
365 2943 391 3004 δέ
411 2944 514 3027 ἐφίησι,
529 2945 572 3004 καὶ
594 2949 648 3013 τοῖς
662 2949 742 3006 αὑτοῦ
762 2945 852 3015 ὅπλοις

68 3035 173 3111 κοσμεῖ,
185 3031 234 3093 καὶ
245 3029 416 3113 βραδύνοντος
429 3034 554 3116 περιδεῶς
565 3031 635 3114 ἔχει,
649 3033 695 3093 καὶ
708 3034 853 3094 ἀποθανόν-

68 3143 107 3189 τος
122 3122 265 3182 ἀποθανεῖν
279 3121 342 3203 ἐρᾷ,
360 3120 407 3180 καὶ
419 3119 467 3193 τλν
484 3119 563 3203 θργλν
575 3121 759 3181 κατατίθεται·
783 3126 850 3204 ἔρως

68 3207 126 3268 aad
140 3209 168 3269 δὲ
183 3207 231 3268 καὶ
245 3207 279 3268 τά
293 3206 415 3282 ἐνύπνια,
429 3208 475 3268 καὶ
487 3209 521 3268 τθι
535 3209 673 3292 ὀνείρατα,
687 3211 733 3270 καὶ
748 3210 783 3271 τθι
805 3211 853 3271 δά-

36 3316 56 3353 eo
69 3321 146 3379 κρυα,
160 3297 209 3358 καὶ
219 3297 405 3357 τὸτελευταῖον
420 3299 502 3380 δῶρον
514 3298 566 3370 ἤδη
574 3297 730 3382 θαπτομένῳ
744 3299 851 3379 ἡκόμη.

69 3389 159 3448 Ταῦτα
173 3385 224 3465 μὲν
238 3383 271 3444 cd
284 3385 404 3466 Ὁμήρου
418 3385 539 3466 ἐρωτικά.

105 3499 128 3538 ν.
150 3474 270 3557 Ἦσιόδιρ
285 3471 313 3534 δέ
330 3473 458 3534 ἀείδουσιν
475 3477 504 3534 αἱ
516 3479 622 3536 Μοῦσαι
644 3473 670 3535 τί
684 3475 749 3536 άλλο
768 3476 785 3550 ἢ
806 3501 853 3558 γο-

893 2490 923 2540 ad
933 2495 1035 2542 mertem
1047 2507 1124 2556 usque
1135 2493 1319 2558 perdurantem,
1332 2511 1437 2560 querum
1452 2503 1555 2562 uterque
1567 2498 1680 2563 juvenis,

894 2577 995 2638 uterque
1006 2575 1113 2638 pulcher,
1123 2579 1313 2641 uterquecastus
1324 2585 1374 2642 σοις
1386 2581 1447 2632 alter
1455 2582 1566 2645 instruit,
1577 2584 1638 2634 alter
1646 2587 1680 2634 ln·

894 2657 1008 2719 struitnr;
1025 2658 1085 2710 alter
1100 2658 1180 2722 delet,
1194 2663 1285 2711 selalur
1305 2663 1380 2726 altem
1396 2666 1456 2716 alter
1471 2669 1548 2728 cauit,
1564 2667 1683 2718 auscultat

895 2736 955 2788 alter
968 2751 974 2787 :
987 2737 1012 2788 in
1021 2739 1111 2802 quihus
1120 2739 1234 2792 allectum
1244 2745 1389 2794 amatorium
1397 2747 1443 2797 hec
1452 2761 1550 2812 qnoque
1559 2749 1681 2814 exprimit,

895 2818 961 2882 quod
974 2833 1049 2883 quom
1058 2835 1145 2886 pugnae
1158 2828 1303 2886 potestatem
1319 2827 1365 2877 sihi
1381 2828 1448 2892 optet
1457 2829 1599 2891 Patroclus,
1614 2831 1682 2880 laert·

895 2904 945 2951 met
962 2903 1078 2966 tanqrmrn
1096 2918 1145 2954 nen
1158 2905 1328 2970 impetraturus
1342 2908 1389 2958 hec
1408 2909 1439 2959 ab
1455 2916 1564 2974 amante,
1585 2912 1628 2975 qui
1646 2915 1682 2961 ta·

896 2999 951 3037 men
965 2989 1107 3040 etmueedil
1118 2991 1153 3042 illi
1164 2995 1189 3042 et
1199 2993 1250 3042 suls
1261 2994 1334 3044 menis
1351 2993 1419 3044 illum
1429 3001 1512 3059 ornat;
1529 2997 1572 3046 sed
1588 3003 1612 3048 et
1621 3011 1678 3048 cun·

895 3072 974 3120 ctante
997 3071 1144 3142 eeinetuit,
1165 3076 1191 3123 et
1213 3077 1311 3126 mortim
1325 3075 1388 3126 meri
1410 3077 1462 3140 ipse
1483 3092 1579 3142 quoqne
1596 3082 1681 3142 eplst,

896 3150 1004 3215 iramque
1013 3165 1083 3202 suam
1090 3152 1189 3218 deponit
1199 3170 1205 3204 :
1216 3157 1339 3207 amatoriae
1349 3158 1406 3207 sunt
1413 3160 1437 3208 et
1444 3164 1568 3210 nocturum
1577 3161 1683 3212 visiones

896 3237 962 3298 ejus,
982 3239 1007 3286 et
1027 3237 1135 3300 somnia,
1147 3243 1172 3288 et
1188 3239 1294 3290 lacrimae
1311 3241 1372 3303 illae,
1388 3241 1617 3307 donumpcstremo
1628 3245 1683 3294 ulti·

897 3331 976 3378 mum,
988 3318 1052 3382 qnod
1069 3318 1179 3383 sepulcre
1191 3319 1323 3385 impendit,
1340 3323 1448 3387 capillus.
1481 3327 1540 3376 ilaeo
1550 3329 1608 3377 sunt
1620 3341 1683 3377 ama·

898 3398 959 3450 teria
969 3400 1075 3450 Homeri.

929 3487 952 3533 9.
968 3485 1023 3534 tam
1033 3483 1097 3549 apud
1107 3484 1239 3537 Hesiodum
1256 3487 1316 3552 quid
1331 3488 1397 3540 aliud
1408 3493 1485 3542 Mosae
1495 3494 1599 3555 cauom,
1610 3507 1684 3558 quana

69 3567 164 3625 ναικῶν
179 3562 279 3646 ἔρωτας
293 3562 338 3624 καὶ
353 3564 463 3645 ἀνδρῶν,
483 3563 529 3622 καὶ
543 3567 672 3642 ποταμῶν
693 3563 791 3645 ἔρωτας
809 3565 855 3625 καὶ
897 3569 1006 3620 virorum
1020 3572 1195 3636 mulierumque
1206 3587 1314 3637 amores,
1327 3590 1422 3628 amares
1439 3578 1568 3630 fluviorum
1585 3580 1624 3644 [et
1634 3580 1683 3629 ani·

69 3650 235 3734 *βασιλέων
255 3650 327 3710 *καὶ
349 3656 449 3730 φυτῶν,
470 3651 524 3712 Τὸν
545 3650 572 3711 δὲ
592 3652 745 3733 Ἀρχιλόχου
769 3652 854 3736 ἔρωτα

34 3753 57 3791 ³⁵
70 3740 204 3823 (θὸριστλς
216 3738 276 3821 γάρ)
291 3738 393 3821 χαίρειν
405 3741 449 3800 ἐῶ.
492 3738 525 3802 Ὁ
538 3737 566 3798 δὲ
579 3745 625 3813 τῆς
643 3739 855 3819 mediaetatem

69 3829 118 3911 χρὴ
133 3826 304 3911 πρεσόύτερα
318 3832 371 3895 τοῖς
385 3825 449 3896 νέοις
466 3827 579 3907 εἰκάσαι)
594 3828 620 3887 τί
637 3827 668 3888 δν
685 3828 725 3903 είη
741 3827 855 3909 ditat

69 3899 145 3991 αῦτθ,
163 3921 182 3988 ἡ
199 3915 355 3996 Σωκράτους
372 3913 451 3996 τέχνη
470 3915 595 3997 ἐρωτικός
613 3919 727 3977 Δοκοῦσι
742 3917 793 4000 γάρ
810 3942 855 3997 μοι

69 4005 115 4078 τὴν
129 4003 191 4064 καθ’
206 4002 284 4063 αὑτὸν
296 4002 418 4085 ἑκάτερος
433 4003 532 4085 φιλίαν,
545 4007 563 4076 ἡ
578 4003 626 4082 μὲν
643 4009 786 4084 γυναικῶν,
801 4010 815 4064 θ
828 4005 855 4094 δὲ

70 4094 198 4178 ἀρρένων,
212 4093 389 4164 ἐπιτηδεῦσαι
430 4092 486 4153 Καὶ
496 4091 546 4174 γθρ
555 4094 660 4152 πολλῶν
674 4095 735 4176 ἐρᾶν
753 4092 854 4174 ἔλεγον,

36 4193 58 4232 ⁴⁰
69 4183 113 4242 καὶ
122 4181 176 4242 θπδ
185 4179 290 4240 πάντων
300 4180 509 4240 θλίσκισθαιτῶν
519 4181 622 4241 καλῶν·
633 4180 662 4262 ό,
673 4206 698 4241 τι
707 4182 757 4266 γὰρ
768 4183 856 4267 ἐκείνῳ

70 4269 239 4341 Ἀλκιόιάδης
252 4267 298 4327 καὶ
311 4268 451 4350 Χαρμίδης
464 4268 511 4329 καὶ
526 4270 656 4350 Φαῖδρος,
669 4275 746 4330 τοῦτο
759 4275 855 4353 τῇΛε-

70 4359 131 4441 σόίφ
143 4357 263 4440 Γυριννὼ
275 4357 321 4416 καὶ
333 4357 415 4426 Ἀτθὶς
428 4356 474 4417 καὶ
486 4357 654 4440 Ἀνακτορία·
667 4359 712 4418 καὶ
726 4357 754 4432 ό,
766 4383 793 4418 τι
807 4383 856 4440 περ

71 4447 211 4531 Σωκράτει
233 4448 257 4505 οἱ
282 4445 445 4526 ἀντίτεχνοι,
461 4445 590 4528 Πρόδικος
611 4446 656 4506 καὶ
680 4447 791 4529 Γοργίας
810 4449 855 4508 καὶ

70 4535 255 4619 Θρασύμαχος
284 4534 330 4594 καὶ
359 4532 553 4617 Πρωταγόρας,
578 4541 656 4595 τοῦτο
682 4540 715 4616 τῇ
750 4539 859 4620 Σαπφοῖ

38 4642 57 4679 ¹5
72 4624 165 4707 Γοργὼ
180 4624 225 4684 καὶ
236 4622 408 4707 Ἀνδρομέδα·
428 4629 473 4682 νῦν
489 4623 537 4704 μὲν
552 4627 662 4707 ἐπιτιμᾷ
673 4624 797 4704 ταύταις,
810 4631 856 4685 νῦν

71 4715 99 4774 ,δὲ
111 4713 231 4795 ἐλέγχει,
239 4711 284 4772 καὶ
291 4711 455 4795 εἰρωνεύεται
469 4712 537 4772 atet
549 4714 635 4772 ἐκεῖνα
645 4713 678 4772 τὰ
690 4713 855 4796 Σωκράτους.

72 4831 84 4858 ι
102 4805 127 4864 Τ
129 4803 158 4862 ὀν
170 4797 252 4862 Ἴωνα
260 4801 373 4883 χαίρειν,
387 4829 399 4854 ν
411 4801 489 4885 φησὶν
505 4805 519 4861 θ
533 4801 695 4884 Σωκράτης·
738 4830 749 4856 ι
762 4804 856 4864 Πολλά

73 4913 117 4968 μοι
126 4889 178 4950 τὰν
191 4889 395 4951 Πολυανακτίδα
409 4891 493 4949 παῖδα
504 4889 622 4974 χαίρειν,
635 4918 646 4944 ν
659 4889 764 4974 Σαπφὼ
775 4892 855 4972 λέγει.

73 4981 114 5040 Οὐ
126 4977 263 5061 προσιέναι
274 4979 353 5061 φησὶν
365 4981 378 5038 ὁ
389 4979 534 5060 Σωκράτης
541 4978 710 5060 Ἀλκιόιάθῃ,
721 4984 750 5040 ἐκ
759 4983 856 5041 πολλοῦ

38 5087 61 5124 ου
74 5071 154 5150 ἐρῶν,
168 5063 230 5148 πρὶν
244 5065 363 5146 ἡγήσατο
373 5065 461 5127 ἱκανὸν
475 5057 540 5126 εἶναι
552 5067 616 5150 πρὸς
627 5067 728 5148 λόγους·
771 5072 858 5149 «Σμι-

74 5155 126 5237 κροί
141 5158 255 5235 μοιπαῖς
270 5153 308 5215 ἔτι
315 5154 405 5239 φαίνεο
413 5157 460 5216 καθ
471 5156 618 5238 χαρίεσσα,
633 5184 644 5210 a
663 5155 767 5240 Σαπφὼ
776 5155 856 5238 λέγει.

75 5245 210 5326 Κωμῳδεῖ
222 5243 316 5324 σχῆμά
339 5269 391 5305 που
409 5244 456 5304 καὶ
474 5244 630 5305 κατάκλισιν
653 5253 788 5327 σοφιστοῦ·
812 5247 858 5307 καὶ

75 5332 159 5406 αῦτη,
174 5359 187 5388 α
203 5330 252 5400 Τίς
266 5330 293 5392 δὲ
311 5333 448 5415 ἀγροιῶτιν
469 5330 605 5412 ίπιμμένα
624 5333 728 5408 στολήν.
751 5361 764 5390 ν
804 5334 858 5396 Τὸν

900 3659 1015 3724 melium]
1034 3667 1059 3710 et
1067 3661 1221 3725 plantarum?
1234 3667 1294 3714 Nam
1306 3665 1443 3716 Archilochi
1457 3681 1578 3730 amorem,
1595 3669 1636 3732 qni
1653 3669 1685 3720 sil

899 3747 1035 3811 impudicus
1047 3752 1073 3799 et
1084 3751 1208 3814 petulans,
1221 3752 1289 3803 iaeile
1298 3759 1424 3816 pretereo.
1456 3756 1568 3820 sapphus
1579 3771 1636 3807 vere
1650 3757 1683 3820 (si

899 3836 995 3901 quidem
1005 3837 1138 3902 antiquiora
1148 3853 1204 3890 curn
1216 3841 1388 3894 recentioribus
1399 3845 1507 3896 eouierre
1516 3844 1551 3895 ias
1561 3847 1608 3908 est)
1617 3859 1685 3896 amor

899 3924 1009 3988 quidest
1028 3926 1109 3989 aliud,
1121 3942 1195 3991 quam
1207 3929 1252 3979 hec
1267 3929 1361 3994 ipsum,
1377 3933 1491 3982 amatoria
1507 3947 1547 3983 ars
1564 3936 1685 3986 meretis?

900 4013 1017 4064 videntur
1026 4015 1091 4064 eninr
1098 4015 1158 4066 mihi
1169 4018 1271 4081 uterque
1281 4019 1401 4082 propriam
1411 4019 1457 4070 sihi
1468 4022 1493 4072 et
1501 4022 1685 4074 conuenientem

900 4102 969 4152 senui
980 4115 1025 4152 sue
1036 4104 1218 4166 propensionem
1231 4106 1304 4156 animi
1316 4108 1399 4171 sequi,
1411 4108 1451 4159 hic
1465 4123 1539 4173 quurn
1552 4111 1630 4173 uires,
1645 4112 1686 4162 illa

900 4204 976 4254 quum
987 4191 1099 4242 mulieres
1107 4195 1180 4243 amat.
1212 4197 1319 4258 Uterque
1330 4196 1447 4259 plurimes
1458 4211 1484 4248 se
1497 4211 1577 4249 amare
1589 4199 1684 4262 latetur,

900 4278 1471 4349 etahemulbustormesisfacillimeeapizqued
1480 4286 1686 4340 euimlleibiades

901 4367 934 4416 illi
941 4402 949 4428 ‚
961 4371 985 4418 et
994 4368 1148 4431 charmides,
1159 4372 1184 4420 et
1194 4371 1312 4423 Phaedrus
1317 4389 1326 4436 ;
1341 4372 1387 4424 hoc
1402 4374 1494 4426 Lesbiae
1503 4381 1555 4428 erat
1565 4377 1685 4442 llyrium,

900 4455 994 4519 retnis,
1007 4458 1032 4507 et
1043 4459 1182 4508 Anactoria:
1195 4464 1219 4510 et
1228 4460 1292 4524 quod
1304 4463 1396 4513 socrati
1411 4464 1493 4514 aemuli
1510 4464 1543 4515 illi
1557 4467 1686 4530 Prodicus,

901 4545 1012 4607 Gorgiae,
1024 4545 1219 4610 Thrasymachus
1226 4549 1251 4599 et
1261 4553 1403 4613 Protagoras
1409 4569 1417 4614 ς
1425 4551 1471 4603 ὶιοο
1478 4554 1600 4618 Sappheni
1607 4557 1686 4620 Gorge

901 4632 926 4682 'et
935 4634 1099 4697 Andromeda3
1109 4635 1230 4688 interdum
1239 4651 1345 4702 namque
1360 4641 1467 4705 increpat
1480 4641 1547 4705 illas,
1564 4643 1685 4696 interdum

901 4722 992 4784 arguit,
1009 4728 1034 4774 el
1051 4723 1142 4789 ubique
1158 4726 1299 4777 urbanailla
1313 4731 1418 4780 socratis
1436 4731 1488 4796 ipsa
1502 4746 1597 4796 queque
1608 4735 1686 4785 utitur

901 4811 1101 4863 dissimulatione.
1135 4816 1420 4880 renansclvercjneeo,
1434 4819 1602 4884 obsecrarem
1621 4823 1685 4873 Plu-

901 4903 1000 4951 rimone
1011 4902 1111 4954 saluere
1128 4904 1327 4966 Polyenectidoe
1338 4907 1526 4971 filiamjabee,
1537 4909 1572 4960 ait
1580 4910 1684 4973 Sappho.

901 4991 975 5052 Negat
987 5004 1013 5040 se
1022 4990 1311 5055 Alcibiadem,quemdiu
1321 5001 1377 5047 ante
1392 4999 1497 5060 amarat,
1517 4997 1657 5061 priusquam
1672 5015 1686 5051 e

901 5078 1026 5142 colloquiis
1053 5079 1104 5130 suis
1124 5080 1229 5131 fructum
1250 5083 1346 5134 haurire
1371 5086 1465 5148 posset,
1489 5086 1602 5136 accedere
1624 5088 1685 5138 velle

901 5169 1024 5228 Socratem
1036 5169 1124 5218 Parce
1136 5167 1202 5218 mihi
1210 5169 1297 5220 adbuc
1305 5171 1396 5234 perella
1407 5171 1507 5229 uidere,
1520 5185 1566 5224 nec
1576 5178 1684 5226 mature

900 5257 1010 5318 pretim,
1028 5255 1177 5321 aitsappho.
1210 5258 1253 5308 llle
1264 5259 1374 5309 habitum
1393 5260 1480 5311 alicubi
1494 5265 1519 5311 et
1537 5262 1683 5314 discubitum

902 5343 1683 5411 soplnstaepersmngiqbecelinumoaniqeeencmrnsltecte

1554 5462 1588 5500 ne.
