3814 5792
784 411 996 474 tumulato.
1537 433 1559 478 v

206 569 361 643 sendus
386 577 433 660 da
456 571 565 644 codd.
583 573 634 642 καὶ
650 567 772 660 ξενίων,
785 571 848 662 46,
867 575 948 660 ὑπὸ,
966 597 1040 643 non
1064 573 1140 668 πρὸ,
1179 590 1187 635 1
1215 577 1454 670 ι’κκικρουμένῳ,
1481 576 1560 646 sine

210 741 242 800 σ,
258 705 486 780 haecomnia
503 719 543 775 nt
561 703 753 774 Palatinus.
776 703 819 776 16
844 704 958 776 codex
977 713 1005 774 A
1022 703 1157 775 λοίῶοιιν.

260 969 383 1039 Mxncr
406 965 589 1034 aurorum
611 959 810 1034 editionem
836 959 1086 1034 Schulzianam
1110 961 1224 1032 secuti
1248 985 1390 1053 sumus,
1415 961 1461 1034 ab
1481 962 1563 1063 ipso

213 1089 379 1164 Selralaio
391 1086 762 1186 passimemendatam
780 1101 814 1158 et
827 1085 1143 1159 correctamldem
1156 1087 1210 1158 vir
1221 1084 1454 1160 doctissimus
1467 1087 1563 1161 ultro

215 1215 416 1288 nobiscum
439 1211 726 1284 communicavit
757 1210 1031 1283 translationem
1057 1210 1207 1283 latinam
1232 1237 1381 1309 prorsus
1409 1238 1560 1295 novam,

216 1339 264 1412 ab
286 1341 368 1440 ipso
385 1335 661 1434 diligentissime
676 1337 955 1429 concinnatam,
976 1361 1057 1435 quae
1078 1335 1261 1432 vulgarem
1277 1339 1433 1410 maximo
1454 1338 1565 1411 inter·

216 1463 313 1536 vallo
335 1478 420 1561 post
447 1487 486 1534 sc
514 1460 702 1559 relinquit.
735 1465 819 1550 Quo
852 1463 1003 1534 nomine
1025 1485 1237 1559 persuasum
1270 1461 1448 1534 habemus
1480 1488 1564 1536 eum

216 1613 401 1660 summam
435 1587 583 1659 inivisse
614 1587 764 1682 gratiam
797 1585 844 1659 ab
873 1585 1073 1658 lectoribus
1103 1587 1265 1678 nostris3
1294 1588 1357 1684 qui
1390 1587 1566 1661 monendi

210 1729 331 1802 sunt,
352 1711 531 1783 asteriscis
556 1709 708 1783 indicari
738 1711 839 1784 locos
870 1737 945 1782 non
975 1711 1145 1784 codicum
1169 1713 1408 1810 scripturam,
1430 1713 1567 1812 quippe

216 1851 450 1934 corruptam,
485 1835 596 1906 latine
625 1836 844 1924 relerentes,
879 1835 943 1909 sed
973 1835 1202 1934 probabilem
1229 1835 1500 1932 conjecturam
1528 1837 1565 1908 in
1649 1819 1654 1828 ¹

215 1961 346 2059 graecis
371 1960 469 2030 enim
496 1956 687 2030 Schulzius
707 1960 974 2057 manuscriptos
996 1958 1140 2032 codices
1163 1974 1198 2032 et
1223 1959 1402 2033 editiones
1430 1961 1567 2060 primas

216 2085 291 2159 sibi
320 2082 521 2182 sequendas
552 2107 630 2154 esse
666 2085 809 2173 statuit,
842 2085 949 2156 etiam
986 2083 1049 2156 ubi
1078 2085 1294 2156 sententiam
1326 2110 1472 2184 pravam
1504 2099 1566 2157 aut

219 2211 361 2284 nullam
379 2207 608 2307 praebercnt,
638 2231 835 2306 perpaucas
851 2223 994 2280 tantum
1012 2209 1286 2281 emendationes
1300 2209 1508 2282 admittens.

270 2437 313 2504 ln
350 2435 514 2504 aarum
548 2431 753 2506 Euchirr'dtb
794 2445 837 2503 et*
875 2434 1019 2504 Cnemis
1058 2431 1194 2506 Tabula
1226 2432 1460 2530 exprimenda
1491 2447 1568 2505 erat

219 2557 337 2630 editio
368 2558 481 2654 major
503 2557 834 2658 Schwer'glroeuserr',
864 2557 950 2628 artis
977 2556 1109 2628 criticae
1141 2556 1273 2648 docte,
1305 2555 1506 2655 prudenter
1532 2572 1568 2628 et

220 2682 486 2779 circumspecte
514 2683 675 2754 exercitae
707 2679 900 2752 mirificum
930 2679 1121 2779 exemplar.
1148 2681 1259 2778 Cujus
1294 2706 1409 2779 quum
1439 2681 1570 2756 funda·

220 2821 346 2878 menta
371 2807 574 2878 examinare
605 2805 816 2902 neglexisset
839 2829 1005 2877 summus
1030 2809 1186 2896 Coraes,
1212 2805 1248 2876 in
1272 2803 1486 2878 Enolriridio
1511 2807 1564 2877 ni·

221 2933 340 3002 mium
364 2929 493 3002 tribuit
517 2928 859 3030 interpolationibus
881 2931 1091 3002 manifestis.
1121 2929 1191 3002 Sed
1219 2930 1374 3025 egregias
1397 2927 1569 3002 emenda·

221 3055 341 3126 tiones
377 3055 454 3152 ejus
493 3069 577 3128 octo
613 3053 667 3125 vel
706 3078 837 3125 novem
869 3054 939 3124 laeti
976 3054 1206 3150 recepimus,
1236 3067 1270 3124 et
1302 3051 1371 3123 alia
1401 3049 1568 3149 quaedam

222 3174 447 3250 correximus
465 3203 505 3250 ex
522 3177 692 3249 secundis
711 3178 808 3248 curis
827 3175 1147 3272 Schweiglraeuseri
1172 3183 1211 3246 in
1236 3174 1469 3274 Philosophia
1488 3176 1570 3273 Epi·

221 3319 348 3375 ctetea.
369 3309 407 3375 L.
426 3303 586 3376 Odaxius
607 3305 644 3374 iu
664 3301 899 3375 translatione
918 3302 1030 3373 latina
1052 3301 1165 3372 multa
1178 3297 1320 3372 Cebetis
1336 3301 1474 3397 optime
1491 3300 1570 3372 red·

221 3427 383 3517 diderat;
401 3427 539 3526 reliqua
556 3430 680 3524 graecis
702 3426 821 3527 qualia
846 3453 946 3498 nunc
968 3426 1138 3522 leguntur
1155 3423 1525 3498 accommodavimus.

274 3557 313 3624 ln
334 3555 553 3652 fragmentis
573 3554 727 3651 Epicteti
745 3577 825 3651 quae
851 3551 994 3624 Stobaeo
1021 3549 1221 3640 debentur,
1250 3549 1363 3623 codex
1386 3551 1568 3624 Parisinus

220 3703 241 3750 a
260 3676 453 3749 Gaissordo
468 3677 619 3750 collatus
637 3677 802 3775 perutilis
820 3677 911 3749 suit:
935 3675 1048 3748 multa
1066 3673 1215 3747 exhibet
1238 3673 1428 3765 nitidiora,
1447 3675 1568 3774 aliqua

222 3826 306 3901 quae
331 3826 399 3898 pro
422 3801 619 3900 desperatis
647 3800 876 3873 habebantur
904 3802 960 3874 vel
995 3802 1131 3898 integra
1158 3799 1296 3898 praebet
1322 3800 1379 3873 vel
1405 3801 1572 3899 proxima

225 3925 433 4022 integritati.
445 3927 556 4023 Cujus
566 3927 617 3998 rei
635 3927 798 4026 exempla
819 3926 894 3999 duo
914 3925 1295 3999 commemorabimus.
1314 3929 1568 4022 Fragmentum

224 4084 275 4156 29
300 4057 374 4138 hoc
396 4057 507 4130 modo
526 4057 719 4150 edebatur,
740 4061 796 4141 τὰς
818 4069 950 4141 σιτήσεις
966 4073 1055 4131 ποιοῦ
1092 4067 1134 4157 μὴ
1159 4059 1337 4156 ἀνειμένας,
1365 4061 1417 4129 καὶ
1436 4061 1572 4156 σκυθρω-

222 4187 307 4269 nde·
330 4187 410 4258 ἀλλὰ
433 4191 595 4284 λαμπρὰς,
619 4192 670 4260 καὶ
693 4195 840 4272 εὐτελεῖς·
862 4195 912 4260 ἵνα
930 4199 1008 4284 μήτε
1031 4184 1083 4260 διὰ
1102 4190 1144 4259 τὰ
1162 4190 1324 4284 σωματικὰ
1343 4191 1374 4258 αἱ
1398 4187 1494 4284 ψυχαὶ
1512 4217 1568 4260 τα·

223 4317 401 4408 ράττωνται
418 4309 666 4412 φενακιζόμεναι,
695 4319 747 4387 καὶ
778 4329 839 4386 τῶν
865 4311 984 4394 ἡδονῶν
1016 4327 1198 4411 σωματικῶν
1229 4321 1438 4411 ὀλιγωρῶσιν,
1467 4317 1573 4386 ἔπειτα

224 4439 456 4527 βλάπτωνται,
480 4449 645 4537 τρυφῶντα
668 4445 721 4536 μὲν
749 4443 925 4538 παραυτίκα
951 4451 1109 4530 πλοῦτον,
1136 4451 1287 4510 νοσοῦντα
1317 4431 1352 4508 δὲ
1378 4439 1506 4522 ιίσαῦθις
1535 4441 1576 4510 τὰ

226 4565 371 4655 σώματα.
396 4564 487 4649 Quae
501 4562 611 4634 verba
631 4588 706 4635 non
733 4565 866 4636 mirum
888 4580 942 4636 est
964 4567 1029 4636 sia
1049 4565 1196 4636 nemine
1210 4577 1380 4662 poterant
1394 4563 1568 4661 inteligi:

226 4688 269 4757 V.
290 4682 607 4781 Schweighaeuser.
630 4713 665 4785 p.
691 4687 757 4759 185
777 4713 830 4786 sq.
851 4688 996 4762 Codicis
1025 4687 1177 4760 Parisini
1202 4693 1419 4786 scripturam
1448 4685 1576 4758 distin·

222 4820 351 4888 ctione
376 4815 581 4911 adjuvimus
596 4835 633 4890 et
650 4817 760 4892 unius
784 4821 883 4894 vocis
906 4821 1109 4893 mutatione
1130 4849 1138 4892 :
1157 4821 1364 4919 legebatur,
1391 4835 1473 4923 μήτε
1487 4849 1577 4920 φενα-

221 4938 383 5039 κιζόμιναι
401 4948 476 5042 πρὸς
494 4957 554 5016 τῶν
569 4941 687 5026 ἡδονῶν
705 4963 766 5020 τῶν
787 4963 1023 5047 σωματικῶν
1045 4957 1248 5050 ὀλιγωρῶσιν,
1281 4947 1383 5051 quod
1409 4948 1500 5025 illud
1525 4946 1578 5020 ln·

224 5079 418 5155 commodi
431 5080 561 5176 habet,
574 5098 614 5155 ut
627 5084 868 5183 praecedentia
879 5083 1004 5174 verba,
1020 5079 1073 5154 διὰ
1092 5084 1133 5156 τὰ
1145 5087 1330 5184 σωματικὰ,
1352 5100 1388 5158 et
1403 5084 1501 5174 haec,
1515 5095 1576 5154 τῶν

224 5229 437 5314 σωματικῶν,
458 5243 532 5290 non
550 5244 699 5317 prorsus
714 5219 837 5292 eadem
856 5233 911 5292 τοῦ
930 5235 1106 5318 σωματικοῦ
1124 5221 1335 5320 acceptione
1365 5215 1460 5292 dicta
1493 5218 1576 5288 sint.
