3814 5792
207 385 251 440 ,ιο
685 371 870 432 uersor
896 349 1167 431 succurras
1193 371 1232 445 r,
1253 370 1339 450 γ’,οι

202 503 327 588 «στάχυες
340 501 368 565 δδ
392 501 464 564 κάτω
475 499 603 576 νεύοντες,
613 499 659 561 καί
670 497 701 562 τδ
711 505 757 562 τοῦ
770 498 871 570 λέοντος
885 495 992 562 δπισκύ·
1052 505 1173 574 quandam
1178 507 1836 580 amenitatembacceconciliat3spicaeaulemdenrsum
1883 485 1884 506 ί

205 620 277 670 νιον,
289 593 335 656 καί
346 595 420 654 δτῶν
434 595 501 653 συῶν
512 593 542 652 ἐκ
553 596 599 651 τοῦ
612 587 742 672 στόματος
761 589 825 674 ράων
839 589 932 674 ἀφρὸς,
951 588 997 650 χαὶ
1049 589 1176 651 nutantes,
1186 591 1210 639 et
1219 588 1294 640 leonis
1304 589 1457 654 supercilium
1469 597 1493 643 et
1501 605 1612 658 aprorum
1621 608 1649 645 er
1659 608 1698 646 ore
1708 596 1836 659 profluens

216 685 303 746 πολλὰ
317 683 406 765 ἕτερα,
424 681 482 742 κατ’
504 679 572 741 ἰδίαν
594 679 619 741 εί
636 705 675 750 τις
688 681 813 755 σκοποίη,
829 679 920 764 πόρρω
933 679 997 742 όντα
1045 679 1130 732 W
1139 670 1165 718 0‘
1176 667 1252 718 mum
1260 667 1398 732 8ιίἰθθίίάι
1408 669 1429 719 ⁸¹
1439 670 1493 734 ‘1¹¹ss
1505 671 1632 736 “imum
1642 679 1770 738 θάθθῑθῑιθ
1782 675 1836 739 1²⁰¹·

216 780 262 836 τοῦ
277 769 496 850 εὐειδοῦς,όμως,
513 769 599 831 διδιτό
613 779 666 840 τοῖς
680 769 756 855 φύσει
771 768 914 852 γινομένοις
928 772 998 831 ἐπα·
1053 757 1825 822 υτίῑθθίθθ10θέίάθθθθθῑνίθῑθθθι(ἶθθῐθθῑθθύιθῑῑῖάῐῑθῑῑΙΝ
1884 751 1885 770 ¹

1053 841 1126 900 dunt,
1137 840 1278 903 sequuntur,
1287 835 1433 888 adornatum
1442 839 1467 886 et
1474 834 1651 886 delectationem
1661 845 1704 897 pro
1712 845 1755 882 sna
1762 841 1829 893 qua>

1052 931 1100 982 que
1110 920 1177 981 parte
1186 915 1324 976 conferunt;
1341 915 1375 964 ita
1389 914 1445 964 nisi
1456 913 1510 978 ςοίε
1525 912 1657 964 nomnen
1673 922 1769 961 sensum
1785 909 1827 956 tm·

1053 998 1140 1049 bearet
1150 995 1327 1060 profundiorem
1339 994 1515 1058 intelligentiam
1526 1005 1621 1052 eornm,
1632 1004 1686 1055 qun
1696 991 1719 1041 in
1729 989 1827 1040 unirer·

1053 1091 1080 1127 so
1093 1076 1168 1136 tunt,
1181 1075 1202 1126 ei
1215 1072 1389 1138 propemodum
1407 1071 1465 1122 nihil
1477 1085 1525 1122 nnn
1535 1071 1605 1122 eliam
1615 1079 1771 1131 summoue.
1784 1079 1829 1128 per

217 866 356 934 κολυυθεῖν,
380 869 564 939 συνεπικοσμεῐ
581 861 626 920 καί
639 863 807 942 ψυχαγωγεῖ,
822 857 904 934 ὥστε,
919 858 943 919 εί
961 883 999 928 τις

217 952 273 1035 ἔμοι
282 951 362 1018 πάθος
371 950 416 1010 καί
426 949 527 1009 ἔννοιαν
536 947 679 1032 βαθυτέραν
689 949 754 1033 πρὸς
762 948 797 1008 τά
806 951 833 1009 ἐν
842 972 880 1031 τῳ
891 947 945 1032 δλῳ
954 971 999 1030 γι-

217 1043 327 1122 νόμενα,
343 1042 436 1122 σχεδὸν
447 1039 519 1101 οὐδὲν
526 1038 585 1120 οὐχί
596 1039 661 1108 δοἚει
671 1041 742 1123 αύτῷ
751 1038 797 1100 καί
806 1041 857 1098 τῶν
867 1039 925 1099 κατ’
936 1041 1002 1098 ἐπα·

218 1129 371 1202 κολυύθησιν
393 1127 590 1208 συμθαινόντων
608 1127 690 1202 ἡδέως
703 1151 758 1197 πως
772 1129 1001 1192 διασυνίστασθαι·
1052 1153 1247 1218 fflnaequffiffim
1262 1150 1386 1214 mergum,
1404 1155 1471 1216 mg,
1488 1150 1590 1212 quam
1608 1143 1830 1198 ffifiomgmgffig

218 1211 303 1287 Οὗτος
317 1217 344 1279 δῖ
359 1217 609 1300 καίθηρίωνᾶληθῆ
623 1217 813 1302 χάρματαρῦχ
824 1211 906 1294 θῦσον
920 1217 1004 1292 ἡδέως
1052 1235 1218 1286 cendnmtum
1238 1231 1314 1282 videri
1336 1230 1428 1282 debcul.
1450 1231 1495 1281 liic
1513 1229 1584 1280 eliam
1607 1238 1675 1276 veros
1691 1225 1829 1274 belluarum
1886 1237 1887 1302 γ

217 1309 323 1392 ὄψεται,
336 1307 354 1380 ἢ
368 1307 418 1368 ὅσα
432 1316 538 1390 γραφεῖς
560 1307 605 1368 καὶ
627 1308 745 1368 πλάσται
767 1307 925 1389 μιμούμενοι
944 1309 1000 1367 δει-
1053 1313 1127 1362 rictus
1144 1325 1192 1362 non
1211 1309 1302 1360 minore
1313 1322 1369 1359 cum
1385 1307 1506 1372 roluptatn
1523 1305 1651 1371 spectabit,
1671 1315 1742 1368 qnam
1762 1313 1827 1364 quos
1886 1305 1887 1312 ’

218 1397 352 1460 κνύουοιν·
368 1397 414 1458 καί
424 1397 502 1479 γραὸς
512 1397 557 1458 καὶ
567 1399 685 1480 γέροντος
697 1399 785 1477 ἀκμήν
797 1423 855 1459 τινα
867 1399 912 1460 καὶ
922 1396 1003 1483 ὥρας,
1053 1393 1155 1458 pictores
1164 1396 1189 1443 et
1197 1388 1412 1442 lictoresimitando
1421 1387 1545 1446 exhibent,
1557 1388 1658 1450 atqneet
1667 1381 1752 1432 rotulae
1764 1393 1829 1430 anus

217 1487 263 1548 καί
283 1488 313 1547 τὸ
333 1489 360 1546 ἐν
381 1487 472 1546 παισίν
491 1485 672 1570 ἐπαφρόδιτον,
687 1492 741 1556 τοῖς
760 1483 852 1548 ἑαυτοῦ
873 1486 1003 1570 σώφροσιν
1052 1476 1077 1524 ⁰¹
1088 1471 1244 1562 fflffflfflffffl
1255 1467 1375 1559 limidi?
1384 1461 1829 1596 ᾞΜῶιρθῖθῑίῗέῐῗθθᾞ

218 1577 362 1658 ὀφθαλμοῖς
371 1580 434 1658 δρᾷν
445 1574 596 1646 δυνήσεται·
609 1575 655 1635 καί
664 1574 751 1636 πολλά
762 1583 870 1636 τοιαῦτα
882 1579 911 1636 ού
923 1574 1005 1635 παντί
1053 1546 1426 1688 Ξὲιάγῗῖἰίἱὲιῖΐὶἓέἰω
1435 1557 1570 1681 ὥρι’
1580 1547 1653 1670 ,35
1663 1550 1768 1674 dmg,
1782 1613 1827 1676 qui

219 1665 329 1738 πιθανά,
342 1663 413 1749 μόνιρ
424 1665 452 1724 δὲ
461 1667 498 1747 τῷ
508 1663 572 1747 πρὸς
581 1662 630 1736 την
640 1663 725 1746 φύσιν,
735 1664 781 1726 καί
790 1663 824 1725 τά
834 1663 932 1738 ταύτης
940 1664 1005 1747 ἔργα
1053 1718 1110 1756 mm
1122 1711 1206 1756 mmm
1215 1703 1313 1767 emm
1322 1699 1549 1766 „mmmm
1557 1695 1675 1764 quanm
1683 1692 1827 1744 smmum.

218 1751 333 1832 γνησίως
347 1749 503 1836 ᾠκειωμίνῳ
514 1756 711 1836 προσπεσεῖται.
1054 1783 1264 1836 mmmm

258 1844 293 1922 γ’.
323 1839 500 1925 Ἱπποκράτης
521 1842 622 1910 πολλὰς
638 1839 729 1912 νόσους
747 1841 902 1922 ἰασάμενος,
925 1842 1005 1910 αύτδς
1085 1867 1107 1914 3.
1120 1863 1276 1926 Hippocrates
1293 1865 1420 1926 postquam
1438 1857 1526 1910 multos
1540 1854 1635 1906 morbos
1651 1849 1762 1912 sustulit,
1776 1848 1830 1913 ipse

219 1929 332 2004 νοσήσας
352 1928 491 1990 deiicere·
536 1933 572 1991 Οἱ
594 1930 724 1992 Χαλδαῖοι
750 1931 854 1990 πολλῶν
878 1930 1004 1998 θανάτους
1048 1946 1132 1996 morbo
1149 1951 1274 2010 correptus
1290 1945 1363 2009 obiit,
1373 1945 1480 1998 Chaldaei
1495 1945 1625 1996 multarum
1636 1949 1723 1996 mortes
1736 1945 1825 2008 praedi·

219 2019 425 2103 προηγόρευσαν,
438 2010 495 2078 εἶτα
507 2017 553 2079 καί
565 2018 659 2087 αύτούς
670 2017 700 2078 τὸ
711 2019 885 2102 πεπρωμένον
895 2019 1006 2080 κατελα-
1049 2047 1120 2097 nere,
1132 2038 1216 2099 postca
1234 2034 1307 2085 etiam
1329 2033 1394 2099 ipsos
1411 2033 1487 2086 fetum
1502 2031 1639 2095 intercepit3
1657 2031 1790 2084 Alexander
1808 2035 1834 2083 et

220 2107 273 2168 θεν.
315 2107 491 2188 Ἀλέξανδρος,
504 2107 549 2167 καί
563 2108 717 2186 Πομπήϊος,
732 2107 777 2168 καί
789 2111 811 2171 Γ
813 2108 869 2177 άϊος
884 2113 1006 2191 Καῖσαρ,
1049 2121 1306 2185 Ροιυρείιιεεῐ,οοἰιιε
1319 2125 1399 2174 cesar
1419 2135 1495 2186 quum
1513 2120 1656 2172 totasurbes
1668 2121 1737 2170 toties
1751 2119 1834 2170 fundi·

218 2195 281 2266 όλας
293 2195 381 2264 πόλεις
396 2195 477 2279 άρδην
491 2196 648 2266 τοσαυτάκις
663 2195 809 2272 ἀνελόντες,
821 2197 867 2258 καί
879 2200 905 2258 ἐν
917 2221 1006 2280 παρα·
1049 2208 1242 2260 luserertissent
1253 2213 1278 2260 et
1295 2209 1319 2258 in
1329 2209 1380 2260 acie
1389 2208 1464 2260 multa
1475 2208 1548 2260 millia
1560 2207 1666 2272 υηιάιυιο
1678 2205 1835 2272 peditumque

218 2285 289 2357 τάξει
298 2283 397 2354 πολλδις
404 2284 532 2370 μυριάδας
542 2283 644 2345 ἱππίων
652 2285 698 2346 καί
705 2289 790 2357 πεζῶν
799 2286 1005 2370 κατακόψαντες,
1049 2299 1236 2360 interfecissent,
1254 2303 1278 2349 et
1296 2297 1342 2362 ipsi
1356 2298 1407 2348 ritu
1422 2301 1589 2358 excesserunt5
1607 2295 1739 2348 Heraclitus
1757 2309 1834 2360 quum

218 2375 264 2436 καί
279 2375 353 2436 οὗτοί
367 2397 430 2434 ποτε
444 2373 549 2448 ἐξῆλθον
563 2381 609 2435 τοῦ
629 2373 695 2456 βίου.
751 2374 935 2458 Ἡράκλειτος,
946 2376 1007 2459 περί
1049 2401 1130 2439 ιετιιιο
1138 2391 1249 2438 naturam
1256 2390 1434 2437 seruntustam
1444 2387 1520 2436 multa
1528 2385 1558 2436 de
1565 2385 1744 2448 conflagratione
1751 2385 1835 2436 mundi

219 2471 266 2538 τῆς
285 2470 329 2524 τοῦ
351 2462 450 2542 κόσμου
471 2462 643 2547 ἐκπυρώσεως
665 2470 781 2526 τοσαῦτα
800 2465 1006 2550 φυσιολογήσας,
1049 2476 1214 2538 disseruisset,
1232 2490 1295 2540 sque
1307 2475 1425 2528 intercute
1438 2474 1557 2526 distentus
1572 2477 1597 2524 et
1613 2477 1716 2524 stercore
1729 2472 1835 2524 bubulco

219 2555 312 2622 ύδατος
323 2551 356 2613 ad
369 2553 440 2622 ἐντὸς
451 2553 611 2634 πληρωθεὶς,
626 2553 740 2637 βολύίτιρ
752 2556 1006 2636 κατακεχριομένος,
1049 2565 1139 2617 oblitus
1151 2565 1257 2626 interiit,
1274 2564 1441 2616 Democritum
1453 2562 1569 2628 pediculi,
1588 2565 1707 2614 Souatem
1716 2561 1756 2611 alii
1769 2560 1834 2624 pedi·

221 2644 342 2704 ἀπάθανε.
384 2641 549 2725 Δημόκριτον
562 2641 589 2702 di
601 2645 626 2704 ol
638 2647 750 2727 φθεῖρες·
763 2643 910 2726 Σωκράτην
921 2641 949 2704 δὲ
961 2643 1007 2704 άλ-
1050 2655 1098 2706 culi
1109 2655 1266 2706 sustulerunt.
1299 2656 1420 2711 Quorsum
1432 2649 1691 2712 lreeiconseendisti,
1704 2650 1834 2712 navigasti,

220 2736 260 2793 λοι
271 2737 371 2815 φθεῖρες
383 2729 547 2791 ἀπόκτεινον.
589 2729 626 2792 Τί
636 2737 734 2806 ταύτας
748 2730 1006 2806 ἐνέὸης,ἔπλευσας,
1051 2757 1081 2796 er
1094 2743 1142 2794 allo
1158 2743 1183 2793 in
1195 2747 1292 2806 portum
1309 2741 1424 2793 derectus
1435 2754 1470 2792 es.
1503 2739 1641 2792 lirecendet
1657 2738 1835 2789 siinaliemri·

220 2820 368 2902 κατήχθης·
379 2817 481 2892 ίκύηθι.
522 2821 557 2880 Et
570 2817 617 2898 μίν
629 2821 669 2902 ἐφ’
683 2818 769 2901 ἕτερον
783 2820 847 2901 βίον,
860 2819 931 2881 οὐδὲν
944 2826 1007 2882 θεῶν
1050 2835 1115 2895 tarn,
1132 2831 1192 2882 nifril
1202 2830 1248 2882 diis
1259 2842 1377 2892 vacuum,
1395 2843 1425 2880 ne
1437 2829 1470 2880 ilrl
1482 2828 1592 2893 quidem,
1603 2827 1640 2878 sin
1652 2840 1707 2877 rero
1718 2827 1743 2876 in
1756 2826 1834 2878 condi·

220 2907 373 2984 κανθηοδδδ
387 2911 450 2970 tari.
502 2909 536 2969 Ei
551 2906 578 2968 δὲ
591 2908 903 2992 ἐνάναισθησίφ,παύση
922 2910 1007 2971 πόνων
1051 2920 1141 2972 tionem
1149 2933 1222 2972 sensu
1233 2921 1366 2984 privatam,
1379 2919 1475 2970 desines
1487 2917 1581 2968 labores
1589 2921 1613 2968 et
1630 2916 1765 2980 voluptates
1782 2915 1835 2965 tole·

221 2999 266 3059 καί
280 2999 380 3072 ἡδονῶν
395 2995 565 3080 ἀνεχόμενος,
579 2997 625 3057 καί
635 2997 768 3078 λατρεύων
781 2998 897 3084 τοσούτῳ
908 2999 1008 3083 χείρονι
1051 3023 1106 3062 rare
1115 3013 1140 3064 et
1148 3009 1266 3062 inserrim
1273 3007 1527 3069 rasitantodeleriori,
1534 3009 1625 3072 quante
1632 3004 1785 3071 praestantius
1792 3010 1835 3064 est,

220 3092 258 3171 τῷ
273 3086 382 3172 ἀγγείφ,
398 3084 416 3161 ἢ
431 3085 548 3170 περίεστι
562 3085 593 3147 τδ
607 3091 765 3172 ὑπηρετοῦν·
779 3087 810 3148 τδ
824 3087 871 3169 μὲν
887 3089 937 3173 γάρ
952 3097 1009 3159 νοῦς
1053 3097 1152 3164 idquod
1166 3098 1255 3150 servit:
1269 3097 1315 3148 lanc
1327 3097 1468 3150 enimmem
1479 3099 1504 3148 et
1512 3094 1595 3160 genius
1599 3131 1608 3159 ,
1621 3094 1683 3146 illud
1692 3099 1754 3145 terra
1765 3095 1790 3144 el
1801 3107 1835 3144 sa·

221 3177 266 3238 καί
277 3175 431 3257 δσίμων,τδ
443 3175 515 3259 δίγῆ
527 3175 573 3237 καί
584 3175 687 3262 λύθρος.
1052 3188 1114 3242 dies.

248 3265 271 3324 δ’
273 3311 280 3324 .
293 3267 341 3340 Μὴ
351 3267 514 3352 κατατρίψῃς
523 3271 553 3327 τὸ
562 3263 766 3346 ὑπολειπόμενον
773 3271 819 3327 τοῦ
828 3265 884 3348 βίου
895 3266 972 3351 μέρος
981 3269 1008 3329 ἐν
1084 3279 1110 3328 t.
1127 3275 1156 3328 Id
1165 3275 1231 3340 quod
1238 3274 1382 3340 relinquitur
1393 3274 1451 3324 rite
1461 3273 1510 3324 noli
1523 3277 1644 3324 conterere
1653 3270 1678 3322 in
1692 3269 1836 3334 οοςίιοάοιιὶ-

221 3356 278 3424 ταῖς
291 3354 352 3437 περὶ
366 3355 460 3438 ἑτάρων
474 3354 642 3438 φαντασίαις,
652 3353 749 3415 ὁπόταν
761 3355 798 3433 μὴ
814 3355 862 3428 τὴν
877 3355 1009 3440 ἀναφορδν
1052 3365 1099 3418 bus
1110 3364 1216 3427 dealiis,
1226 3363 1272 3416 nisi
1282 3363 1303 3414 si
1312 3363 1344 3415 sd
1355 3375 1509 3416 communem
1522 3361 1646 3434 utilitatem
1658 3362 1760 3426 species.
1769 3363 1836 3412 Ναιιι

223 3439 537 3526 ἐπίτικοινωφελδςποιῇ.
580 3439 600 3522 ('
603 3445 667 3504 Ητοι
677 3441 728 3525 γάρ
739 3442 820 3504 ἄλλου
830 3442 906 3526 ἔργου
916 3443 1008 3528 στέφη)
1047 3447 1837 3522 prosectoationepotioprieoris,honest,cogilens,quidilte

222 3531 341 3594 τουτέστι
355 3529 560 3614 φανταζόμενος,
577 3530 604 3590 τί
620 3536 634 3590 δ
651 3533 722 3592 δεῖνα
740 3531 868 3614 πράσσει,
882 3533 928 3594 καί
942 3533 1010 3603 τίνος
1053 3545 1216 3606 agatetqnam
1226 3541 1257 3592 ob
1267 3553 1327 3602 rem,
1337 3537 1396 3604 quid
1405 3539 1478 3600 dicat,
1485 3538 1544 3603 quid
1553 3538 1650 3602 cogitet,
1660 3535 1717 3602 quid
1727 3536 1837 3587 moliatur

225 3611 320 3688 ἕνεκεν,
335 3612 380 3673 καὶ
391 3611 418 3672 τί
427 3611 512 3691 Mliis
527 3611 571 3671 καὶ
583 3612 609 3671 τί
622 3613 785 3690 Muluium
797 3612 842 3672 καὶ
852 3612 880 3672 τί
888 3615 1010 3694 “12sz-
1053 3633 1140 3694 etque
1149 3628 1258 3680 aliasunt
1266 3627 1417 3691 hujusmodi,
1428 3641 1483 3692 quae
1493 3628 1625 3686 faciuntuf
1634 3625 1745 3678 abanimi
1755 3624 1837 3689 princi·

224 3725 281 3777 ται,
293 3700 339 3761 καί
350 3699 519 3761 decretaliter
528 3705 599 3760 ποιεῖ
608 3699 823 3782 ἀπορρίμύεσθαι
831 3705 877 3774 τῆς
886 3709 932 3762 τοῦ
944 3703 1010 3763 ἰδίου
1053 3721 1111 3783 patu
1123 3717 1249 3780 diligenter
1260 3716 1411 3768 obsecrando
1420 3715 1547 3780 dirageris.
1562 3717 1662 3780 oportet
1671 3713 1743 3778 igilm
1753 3714 1839 3764 ranila·

224 3794 381 3872 ἡγεμονικοῦ
398 3788 616 3873 παρατηρήσεως·
660 3787 719 3870 Χρὴ
733 3789 780 3868 μὲν
793 3781 836 3850 οὖν
850 3789 896 3850 καί
910 3790 941 3850 τθ
953 3793 1010 3864 εἰκῆ
1053 3811 1103 3858 tem
1113 3819 1210 3871 queque
1221 3807 1245 3858 el
1252 3805 1413 3856 temeritatem
1421 3805 1446 3855 in
1456 3804 1517 3854 serie
1528 3803 1698 3868 cogitationum
1705 3802 1837 3862 declinare,

224 3881 270 3941 καὶ
283 3879 370 3960 μάτην
386 3881 413 3938 ἐν
427 3881 466 3961 τῷ
482 3881 566 3962 εἱρμῷ
580 3879 632 3936 τῶν
648 3883 798 3960 φαντασιῶν
814 3877 1011 3962 περιίστασθαι,
1054 3894 1364 3946 omniunrautemmarime
1375 3893 1537 3946 curiositatem
1547 3890 1707 3952 ermelinum,
1718 3889 1837 3954 tequead·

225 3969 292 4032 πολὺ
311 3969 338 4030 δὲ
351 3967 467 4049 μάλιστα
482 3965 513 4026 τδ
528 3965 675 4050 περίεργον,
687 3965 733 4027 καί
744 3967 883 4042 κακόηθες·
895 3969 942 4030 καί
956 3973 1011 4030 ἐθι-
1055 3984 1191 4048 suefacere,
1209 3989 1236 4036 ut
1253 3997 1282 4036 es
1296 3987 1391 4036 mnium
1404 3983 1507 4046 cogites,
1519 3980 1550 4032 de
1564 3979 1653 4045 quibus
1666 3979 1838 4042 interrogatus,

227 4059 300 4120 στέον
312 4057 417 4132 ἑαυτὸν,
432 4056 499 4137 μόνα
514 4055 702 4141 φαντάζεσθαι,
722 4057 783 4142 περὶ
795 4049 830 4118 ῶν
846 4057 870 4118 εί
882 4083 920 4128 τις
938 4059 1011 4145 ἄφνω
1054 4073 1114 4139 quid
1131 4087 1196 4126 nunc
1214 4072 1353 4136 mediteris,
1365 4073 1439 4124 libere
1455 4070 1537 4122 statim
1553 4067 1721 4134 responderet
1738 4067 1784 4118 froc
1803 4067 1837 4116 rel

227 4146 390 4230 δπανέροιτο,
403 4175 415 4200 α
429 4147 466 4208 Τί
477 4151 521 4206 νῦν
534 4147 639 4230 διανοῇ;
654 4174 666 4201 υ
679 4144 747 4226 μετὰ
761 4145 910 4230 παρρησίας
923 4172 1011 4233 παρα·
1057 4162 1132 4226 illud,
1145 4181 1158 4208 ο
1171 4163 1205 4213 ira
1218 4165 1285 4214 uter
1295 4163 1325 4212 iis
1336 4161 1462 4212 eenlesdm
1473 4161 1600 4224 appareat,
1616 4157 1697 4208 omnia
1710 4157 1738 4208 ln
1751 4158 1776 4207 te
1787 4169 1836 4206 esse

227 4243 320 4321 χρῆμα
335 4235 366 4298 ἀν
379 4236 547 4319 ἀποκρίναιο,
559 4235 599 4298 ότι
610 4236 640 4298 τὸ
650 4235 695 4298 καί
706 4233 748 4297 τό·
760 4239 795 4304 ὥς
806 4233 832 4306 ἔξ
843 4239 928 4298 αὗτῶν
940 4238 1013 4308 εὐθὺς
1056 4252 1176 4318 simplicia
1193 4256 1218 4303 et
1231 4251 1347 4304 benevola
1356 4255 1380 4302 et
1389 4247 1627 4302 animaliscemmuni
1639 4245 1733 4298 utilitati
1745 4244 1834 4310 prospi-

228 4329 295 4400 δῆλα
307 4316 387 4399 εἶναι,
401 4324 441 4384 ὅτι
454 4325 540 4386 πάντα
555 4327 628 4386 ἁπλᾶ
643 4325 688 4387 καί
700 4327 810 4406 εὐμενῆ,
822 4325 867 4386 καὶ
881 4325 948 4397 ζύου
960 4351 1013 4388 κοι-
1054 4341 1148 4406 cientis,
1155 4340 1309 4405 despicientis
1318 4339 1482 4403 cogitationes,
1492 4349 1548 4400 qum
1558 4336 1704 4400 voluptatem
1712 4333 1836 4384 omninode

228 4420 349 4489 νωνικοῦ,
360 4413 406 4472 καὶ
418 4415 573 4492 ἀμελοῦντος
585 4411 880 4488 ἡδονικῶν,ἢκαθάπαξ
896 4417 1014 4478 ἀπολαυ-
1055 4431 1240 4484 oblectationem
1257 4432 1382 4496 spectant,
1401 4428 1510 4494 itemque
1527 4423 1704 4476 aemulationem
1721 4419 1839 4486 quandam

230 4507 324 4566 στικῶν
342 4501 547 4586 φαντασμάτων,
568 4502 586 4576 ἢ
605 4503 761 4587 φιλονεικίας
779 4503 860 4579 τινὸς,
877 4503 895 4580 ἢ
912 4510 1014 4587 βασκα-
1056 4524 1099 4572 aut
1111 4519 1270 4572 invidentiam
1282 4523 1324 4568 aui
1338 4517 1499 4582 suspicionem
1508 4518 1551 4566 aut
1559 4511 1624 4564 aliud
1632 4509 1762 4576 quidlibet,
1777 4508 1838 4574 qued

229 4592 286 4661 νίας
296 4591 342 4653 καί
352 4591 478 4674 ὑποψίας,
489 4590 507 4665 ἢ
517 4591 598 4652 άλλου
609 4591 694 4670 τινός,
708 4596 748 4676 ἀφ’
760 4583 782 4676 ᾧ
793 4593 824 4654 διν
836 4597 1014 4680 ἐρυθριάσειας
1056 4611 1075 4662 si
1083 4610 1163 4662 animo
1177 4615 1201 4660 te
1221 4609 1321 4672 agilam
1335 4606 1445 4670 fatearis,
1464 4603 1556 4671 pudore
1566 4608 1590 4655 le
1605 4598 1712 4654 suffundi
1724 4601 1839 4663 operteat.

231 4679 412 4762 ἐξηγούμενος,
424 4679 464 4742 ότι
474 4685 500 4741 ἐν
511 4683 549 4764 νῷ
564 4680 626 4741 αὐτὸ
638 4671 716 4764 εἶχες.
758 4681 792 4746 ‘0
804 4684 855 4766 γάρ
867 4707 907 4744 τοι
921 4684 988 4768 ἀνὴρ
1000 4690 1014 4746 δ
1055 4701 1116 4750 llam
1123 4699 1231 4764 profecto
1241 4697 1279 4747 rir
1288 4696 1358 4758 talis,
1370 4691 1663 4760 nonamplinsdiiferena,
1676 4688 1734 4752 quin
1742 4687 1768 4737 in
1781 4687 1840 4750 opii·

230 4776 359 4846 τοιοῦτος,
373 4771 422 4831 οὔκ
435 4768 473 4829 ἔτι
487 4769 683 4853 ὑπερτιθέμενος
694 4769 725 4831 τδ
738 4773 774 4842 ὡς
792 4775 818 4832 ἐν
834 4774 949 4857 ἀρίστοις
962 4775 1014 4849 ἤδη
1057 4801 1152 4839 merum
1162 4801 1263 4839 numero
1280 4787 1325 4848 sit,
1336 4785 1450 4836 sacerdos
1462 4782 1532 4849 quasi
1543 4781 1641 4847 quidam
1654 4781 1725 4830 estet
1734 4775 1840 4826 minister

232 4851 312 4932 εἶναι,
327 4858 410 4942 ίερεύς
420 4857 459 4928 τίς
474 4863 530 4920 ἐστι
542 4859 587 4920 καί
599 4860 727 4944 ύπουργδς
739 4861 955 4944 θεῶν,χροἰμενος
968 4864 1013 4926 καί
1057 4878 1178 4938 Deorum,
1187 4875 1286 4926 numine
1296 4886 1407 4937 quoque,
1416 4871 1481 4936 quod
1490 4871 1516 4921 in
1532 4873 1628 4935 pectore
1637 4865 1711 4931 gerii·
1723 4862 1840 4915 ‘immisi’

230 4953 269 5032 τῷ
284 4948 354 5010 ἔνδον
372 4949 502 5033 ἱδρυμένην
517 4951 611 5024 αὐτοῦ,
626 4951 640 5010 ὃ
662 4949 809 5033 παρέχεται
821 4950 865 5010 τὸν
880 4951 1014 5036 ἄνθρωπον
1057 4969 1094 5016 ter
1109 4969 1194 5028 utens,
1206 4963 1272 5029 quod
1286 4963 1407 5014 hominem
1421 4963 1520 5027 praestat
1535 4959 1749 5010 incontaminatum
1765 4952 1840 5004 omni·

234 5037 365 5120 ίάθανῐθν
376 5043 468 5099 πασῶν
484 5041 594 5114 plorato,
611 5039 726 5123 dapnes
745 5039 795 5100 ini
814 5039 908 5110 navet<
919 5042 1014 5120 πόνου,
1057 5054 1104 5105 bus
1110 5053 1283 5120 voluptatibus,
1290 5052 1356 5102 omni
1366 5051 1448 5102 delore
1456 5051 1568 5112 illesum,
1575 5046 1634 5100 nulli
1641 5042 1794 5098 eonwrnelim
1801 5042 1839 5094 oli

233 5127 320 5200 πάσης
332 5125 429 5209 ’ύύρεως
441 5126 582 5212 ἀνέπαφον,
597 5127 683 5204 πάσης
700 5127 853 5202 ἀναίσθητον
875 5131 1014 5213 πονηρίας,
1058 5144 1173 5208 nerium,
1187 5143 1313 5208 omnisque
1335 5141 1432 5192 malitiae
1452 5153 1524 5193 εοοευ
1549 5127 1683 5199 carentem,
1704 5132 1840 5188 certamini!

233 5214 349 5291 ’ἀθλητὴν
366 5215 444 5277 ἄθλου
456 5225 501 5278 τοῦ
515 5218 654 5299 μεγίστου,
667 5223 711 5279 τοῦ
729 5218 779 5280 ὑπὸ
795 5219 904 5298 μηδενὸς
919 5221 1016 5293 πάθους
1060 5233 1174 5299 maximi,
1187 5247 1217 5285 ne
1231 5233 1262 5284 ab
1276 5231 1324 5284 ulla
1338 5231 1412 5284 animi
1430 5229 1608 5296 perturbatione
1621 5225 1793 5293 prosternatur,
1806 5222 1838 5271 1¹¹·
