3814 5792
373 485 408 528 W
960 479 1176 542 PRAEFATIO.

373 626 444 699 Pal.
461 633 546 702 Nev.
562 634 779 730 σιισιλίσματα,
797 650 872 735 etp
890 639 1104 734 θυψιλιίματα,
1128 638 1169 711 ι3
1188 652 1250 709 τῶν
1269 651 1386 734 μετρῶν
1405 636 1495 734 (sic).
1514 675 1561 688 -
1577 635 1642 718 xla
1658 628 1704 702 '³6

374 757 455 829 cod.
475 764 501 833 Α
521 793 668 860 μεταστρ.
690 773 952 867 ποιήσῃ-ΧΗ,
985 797 1045 858 12,
1076 771 1172 842 idem
1202 774 1306 858 τόκον,
1330 793 1405 838 non
1429 769 1537 863 τόμον.
1554 805 1601 820 —·
1616 763 1705 848 XIII,

375 911 422 958 ao
440 887 547 962 codd.
574 888 655 974 δόξει
679 895 763 966 εἶναι.
793 897 839 969 23
863 897 1019 969 Oreliius
1044 898 1230 994 ingeniose
1253 896 1413 994 φενακίσας
1441 897 1629 992 neptum.
1659 882 1704 958 ²5

376 1023 446 1094 Pal.
475 1029 559 1096 Nev.
588 1032 679 1118 ὅσον,
708 1031 753 1100 28
781 1037 940 1129 πορεύεται
966 1041 1160 1122 καταλιπεῖν,
1187 1031 1231 1103 33
1263 1032 1466 1120 βουλεύεσθαι.
1494 1029 1540 1124 39
1566 1022 1647 1097 cod·
1677 1038 1707 1100 A

374 1161 624 1252 παρεστηκότος,
644 1186 719 1232 nort
740 1195 875 1264 περιεστ.
898 1173 937 1239 ln
954 1173 979 1234 B
994 1165 1255 1266 compendium
1272 1163 1469 1237 turbatum.
1486 1207 1530 1220 -
1548 1164 1640 1248 XIV,
1658 1162 1705 1244 ίΙα

377 1300 456 1370 cod.
478 1311 505 1370 A
526 1281 604 1367 θστι
619 1291 654 1366 δὲ
670 1303 733 1387 καὶ,
751 1310 775 1371 Β
793 1307 859 1374 ἔστι
877 1305 940 1394 καὶ,
961 1302 1069 1374 etalii
1088 1300 1193 1372 multi
1208 1299 1381 1372 alterutro
1399 1296 1511 1371 modo
1534 1293 1706 1395 (Fischer.

377 1449 413 1523 p.
429 1424 521 1522 106),
535 1421 696 1501 utvideri
706 1424 1483 1525 possithancnotationemolimpraecessisse
1495 1420 1562 1494 alia
1575 1417 1653 1489 vitii
1665 1417 1709 1488 si·

378 1559 486 1633 milis.
507 1565 528 1647 Δ
547 1557 652 1630 codd.
669 1563 719 1632 καὶ
735 1565 982 1659 ἀπαγγελλοντος
1001 1567 1096 1652 αὐτῷ,
1117 1559 1289 1631 nimirum
1306 1558 1416 1629 eccui
1430 1552 1639 1626 mandatum
1656 1564 1710 1620 est

378 1683 849 1783 invitareadexsequias.12,
866 1685 954 1757 13iu
965 1685 1048 1756 Ioco
1060 1684 1311 1755 «conclamato
1322 1672 1711 1778 »ceterisprobabiiior

264 1809 267 1815 ’
379 1825 434 1882 est
457 1811 545 1881 Astii
568 1810 680 1899 ratic,
708 1809 771 1906 qui
798 1809 921 1881 Corais
950 1823 985 1880 et
1013 1805 1225 1878 Schneideri
1251 1806 1399 1875 inventa
1422 1802 1470 1872 ita
1498 1797 1710 1895 conjunxit,

379 1931 448 2014 Ηθί
473 1973 508 2042 γε
533 1957 594 2014 τῶν
623 1945 742 2040 ἄστρων
770 1929 848 2025 ὄζειί
870 1949 905 2032 ὅ,
928 1973 959 2013 τι
982 1938 1020 2019 Ii
1047 1945 1098 2011 καὶ
1122 1943 1149 2010 οἱ
1173 1939 1261 2010 ἄλλοι
1279 1944 1403 2036 λέγουσι
1429 1947 1484 2016 τῆς
1506 1945 1580 2032 γῆς,
1604 1954 1712 2028 quam

378 2070 496 2140 σιικινίσ
512 2085 564 2140 est
577 2067 729 2140 siderum
742 2066 847 2138 odor!
865 2066 983 2166 (quem
997 2063 1137 2164 quidem
1153 2063 1281 2162 reliqui
1293 2059 1412 2132 dicunt
1427 2075 1528 2129 terroe
1543 2051 1711 2148 odorem.)

380 2202 450 2274 Pal.
474 2206 558 2274 Ner.
577 2206 628 2273 καὶ
646 2201 747 2273 ἄλλοι.
768 2245 816 2256 -
834 2205 931 2292 XVI,
953 2200 1017 2290 38,
1044 2197 1090 2294 39
1110 2193 1387 2268 Siebenkeesius
1411 2192 1447 2262 in
1470 2188 1596 2261 codice
1615 2185 1713 2258 Paia-

382 2349 459 2404 tmo
477 2333 564 2428 legit
579 2339 744 2428 ἐπιχρωνῆν
758 2331 847 2401 falso
868 2357 875 2399 :
894 2346 1077 2427 postrema
1090 2328 1192 2397 litera
1207 2338 1260 2395 est
1275 2337 1329 2409 οῦ,
1347 2319 1552 2419 praecedens
1571 2315 1715 2387 videtur

381 2490 458 2537 esse
476 2497 519 2554 π,
542 2490 615 2536 nou
634 2479 815 2562 potesta,
834 2479 869 2534 et
890 2493 929 2560 ρω
945 2487 1021 2532 non
1042 2483 1194 2558 usquam
1215 2457 1277 2529 illo
1301 2452 1412 2526 modo
1432 2465 1599 2523 exaratur
1620 2477 1627 2518 ι
1651 2445 1715 2518 sed

382 2598 474 2669 nihil
490 2598 578 2669 certi
595 2589 772 2684 extundas
786 2622 805 2667 e
819 2594 991 2667 ductibus
1010 2593 1101 2665 male
1114 2591 1428 2688 εειθάἱιίειέπιχοῶν
1445 2617 1522 2675 που,
1538 2585 1568 2655 si
1583 2582 1715 2654 ductus

381 2732 712 2834 spectes,0mnium
721 2725 1252 2800 estverisimillimum.Fossius
1261 2719 1460 2816 conjecerat
1470 2705 1563 2814 (ἐπεὶ)
1575 2717 1626 2786 ἐπὶ
1635 2727 1715 2810 χοῶν

299 2950 302 2956 ,
381 2871 428 2949 ἦν.
448 2876 495 2958 40
515 2865 647 2964 θσίρνκν,
667 2892 740 2939 non
765 2859 896 2964 θάρνκς,
917 2860 953 2932 ἰιι
971 2859 1190 2958 specimine,
1206 2871 1243 2926 et
1256 2852 1302 2940 45
1318 2861 1434 2946 ἱερῶον,
1455 2878 1531 2925 non
1550 2855 1638 2949 ίερθν,
1658 2874 1718 2920 ne·

382 2977 472 3104 quet
493 3018 534 3075 ut
549 3002 704 3076 credidit
719 2996 980 3084 Schneiderus‚
997 3001 1076 3091 ἱερῷ.
1091 2998 1180 3082 Quae
1194 3018 1234 3063 ex
1251 2991 1314 3064 illo
1328 2988 1453 3063 codice
1467 2998 1716 3073 accesserunt,

259 3149 261 3154 ’
382 3133 419 3204 in
447 3129 626 3202 lectorum
644 3127 793 3225 gratiam
815 3150 836 3195 a
862 3122 989 3194 ceteris
1013 3132 1177 3192 accurate
1196 3111 1454 3212 distinguenda
1471 3125 1584 3206 erant.
1613 3135 1654 3181 ιο
1679 3111 1716 3180 in

383 3269 452 3339 εἴσω
465 3268 565 3341 haud
581 3267 693 3339 dubie
713 3263 933 3337 vocabulum
957 3260 1065 3353 longe
1087 3256 1184 3328 aliud
1203 3255 1298 3328 latet.
1328 3297 1374 3308 -·-
1402 3255 1499 3341 xlx,
1520 3253 1567 3335 44
1588 3247 1625 3317 in
1646 3247 1718 3314 ἀνα-

383 3407 553 3486 πίπτοντος
570 3416 784 3498 corruptum
803 3413 894 3496 puto
908 3393 1141 3493 participium
1157 3390 1234 3486 ejus
1256 3389 1329 3462 sere
1346 3384 1531 3459 sententiae
1549 3406 1658 3479 quam
1673 3379 1720 3450 la·

385 3537 460 3608 tine
476 3535 631 3608 reddidi.
652 3533 700 3620 216
723 3531 859 3605 servavi
876 3527 1058 3626 σριίζεσθαι,
1077 3550 1288 3626 quanquam
1304 3548 1379 3594 non
1403 3516 1576 3592 satisfacit
1592 3511 1719 3586 Oreliii

385 3669 559 3743 defensio.
575 3711 624 3724 —
639 3673 753 3765 XX‚9
770 3667 877 3761 vulgo
892 3664 1043 3763 probata
1060 3662 1237 3734 correctio
1255 3667 1315 3730 πᾶν
1333 3663 1419 3753 ἔργον
1436 3652 1493 3723 vel
1512 3659 1573 3723 πᾶν
1594 3654 1720 3745 τοῦργον

385 3795 447 3867 hic
461 3796 584 3868 locum
610 3820 684 3867 non
712 3793 834 3864 habet.
857 3817 897 3861 12
924 3791 1032 3861 etiam
1054 3787 1123 3858 Pal.
1147 3788 1231 3855 Ner.
1254 3776 1463 3853 lacunuIam
1481 3770 1661 3870 explebat,
1679 3793 1721 3840 ex

273 3921 274 3924 Ἴ
386 3954 461 4027 quo
476 3943 644 4000 enotatur
662 3936 786 4022 ὑποχρῷ
802 3930 941 4021 ῥήμασιν.
966 3920 1004 3991 [5
1021 3922 1058 3990 in
1076 3921 1232 4013 ἀμφότερα
1248 3921 1301 3985 οὐκ
1314 3917 1435 4008 ἔχοντες
1450 3929 1565 4004 quum
1581 3900 1722 3973 Fossius

386 4057 535 4160 ὀρχίπεθα
555 4061 717 4157 cogitans
731 4055 867 4128 deleret
886 4064 955 4144 οθκ,
974 4079 1048 4124 non
1064 4049 1232 4122 meminit
1243 4045 1316 4117 loci
1338 4038 1527 4128 Lucianei,
1543 4036 1599 4107 οἷοι
1614 4038 1724 4107 πολλοὶ

387 4197 461 4280 εἶναι
480 4202 624 4296 λέγονται
647 4195 806 4290 ἀμφότεροι
823 4195 959 4285 ἔχοντες,
981 4179 1026 4249 tle
1047 4169 1370 4270 hermaphroditi5‚
1399 4161 1489 4236 Dial.
1521 4186 1608 4232 mer.
1632 4159 1652 4232 5
1675 4204 1721 4215 -

388 4325 464 4392 XXI
490 4319 548 4419 (ex
577 4319 683 4390 Char.
716 4315 777 4414 V),
810 4339 849 4412 17
876 4329 947 4384 tres
975 4307 1082 4394 codd.
1110 4304 1226 4377 nostri
1245 4309 1368 4383 πίθηκον
1389 4298 1515 4399 θρέψαι,
1545 4322 1585 4366 ar
1614 4295 1722 4370 iidem

389 4453 441 4553 (et
462 4452 533 4523 Pal.
554 4451 656 4546 Nev.)
672 4462 920 4552 παλαιστριαῒον,
946 4447 992 4530 alr
1011 4437 1216 4532 ἀποδείξεσιν,
1244 4438 1288 4511 25
1308 4445 1432 4537 ὕστερον
1455 4443 1566 4510 ἔπεισιν
1590 4433 1640 4506 ἐπὶ
1662 4445 1723 4504 τῶν

389 4593 565 4687 θεωμένων,
594 4613 675 4685 quae
704 4585 945 4685 probabiliter
973 4579 1111 4653 sanavit
1139 4570 1335 4646 Needham.
1364 4612 1412 4624 -
1440 4571 1570 4656 xxttt,
1598 4589 1642 4661 27
1674 4561 1724 4640 εῐθ,

390 4723 518 4823 scripsi
543 4747 611 4821 pro
636 4717 724 4814 καθ’,
752 4719 798 4792 33
818 4719 976 4791 Orellius
1000 4720 1069 4796 τοὺς
1090 4713 1311 4814 ἀγωνικοθςοπ.
1336 4747 1384 4760 —-
1403 4701 1558 4788 XXVIII,
1584 4694 1664 4785 5,6
1687 4694 1724 4764 in

391 4863 503 4958 μακρὸν
526 4852 695 4955 οἱνθριοίντα
711 4849 789 4926 Iudi
812 4878 947 4925 nomen
967 4851 1085 4922 inesse
1108 4842 1294 4917 statuerim
1314 4836 1567 4937 potiusquam
1587 4817 1726 4899 mutem

392 4991 525 5082 παίζειν,
545 5017 627 5090 quae
646 4989 801 5062 mutatio
819 4987 905 5060 alias
929 4999 1098 5085 praeterea
1115 4975 1324 5079 postularet.
1346 4997 1369 5069 9
1388 4963 1544 5040 Orellius
1562 4973 1601 5043 ὡς
1621 4959 1657 5030 ἂν
1676 4960 1729 5030 καὶ

392 5137 502 5205 ἐκείνου
523 5124 563 5209 δὴ
582 5132 797 5228 ἐπισταμένου.
819 5168 867 5180 -
883 5126 976 5196 XXX
994 5119 1083 5212 (sive
1106 5120 1153 5186 XI
1173 5128 1336 5186 veterum
1365 5102 1484 5202 edd.)‚
1505 5098 1551 5172 36
1577 5087 1727 5168 ἀποδιδό-

394 5275 464 5348 σθαι
479 5266 592 5347 ccdex
610 5277 662 5363 Α,
688 5287 764 5340 non
790 5263 964 5336 ἀποδόσθαι
983 5277 991 5326 :
1010 5253 1104 5327 nihil
1127 5252 1236 5349 igitur
1251 5243 1395 5318 differre
1412 5237 1458 5310 ab
1477 5230 1626 5332 reliquis
1645 5251 1729 5301 cen·
