3784 5782
46 471 88 553 l11·
101 465 241 551 ass-sa)

529 446 699 531 uixrnn
723 470 851 531 nunu
875 469 1069 532 mssnnn
1096 470 1177 531 xnr.

1597 481 1653 538 tta

46 605 95 667 σία.
137 603 250 679 Ῥητέον
271 601 299 664 δὲ
320 601 352 676 δὴ
372 601 407 662 τδι
427 605 521 685 πρῶτα
541 600 607 686 ὑπὲρ
626 607 673 676 τῆς
689 601 827 686 προτέρας.
851 631 856 710 γ
876 609 942 662 enim
951 615 1062 676 corrupta
1074 612 1180 664 materiae
1189 612 1283 662 allectio
1292 612 1393 674 est,tut
1404 612 1491 662 animas
1500 611 1603 664 licentia.
1628 617 1661 665 Αε

43 693 128 770 Ὕλης
142 697 204 779 6st
222 691 441 774 ὓποὸεὸλημίνην
460 693 611 775 δημιουργῷ
629 694 730 775 ἀγαθῷ·
748 683 780 765 ἧς
799 691 830 752 τι,
875 688 906 738 de
922 690 995 753 priori
1013 689 1191 755 quidemprius
1207 690 1335 742 dicendum
1353 695 1399 740 est.
1432 689 1507 740 Vides
1523 690 1663 752 materiam,

46 781 92 862 μὲν
104 783 237 864 κοσμηθέν
251 781 311 855 ἥκει
325 779 400 862 παρδι
411 785 458 854 τῆς
471 781 575 864 τέχνης·
590 783 613 840 εί
628 779 693 841 δέτι
708 783 831 858 ἀκρατῶς

46 875 142 932 ἑαυτῶν
156 870 190 932 τά
204 873 231 930 ἐν
245 876 280 954 γῇ
296 870 392 952 ἔχοντα
406 869 507 952 πάσχει
522 869 694 950 πλημμελὲς,
713 867 829 930 ἀναίτιόν

24 975 92 1040 ιμοι
104 959 152 1033 τὴν
170 958 266 1041 τέχνην
284 961 359 1019 τίθει·
376 959 502 1040 βούλησις
518 957 569 1041 γάρ
587 958 696 1039 οὐδεμία
712 957 833 1040 τεχνίτου

47 1049 166 1130 ἄτεχνος,
186 1048 245 1110 οὐδὲ
263 1047 315 1130 γάρ
333 1045 473 1128 νομοθέτου
492 1048 587 1117 ἄδικος·
608 1051 623 1106 6
642 1045 669 1108 δέ
691 1053 757 1116 θεῖος
775 1071 835 1110 scut

875 770 939 820 circa
951 785 1025 834 quam
1041 775 1152 822 versatur
1168 771 1253 822 artifex
1264 771 1371 836 ophmus
1388 785 1395 820 a
1415 784 1470 834 quse
1488 771 1584 834 siquod
1596 784 1665 820 orna·

877 853 988 902 mentum
999 851 1101 915 accipit,
1111 852 1136 902 id
1148 854 1227 903 totum
1239 853 1285 902 arti
1296 857 1422 916 acceptum
1431 857 1469 903 eat
1478 852 1617 914 terendum
1628 852 1665 900 sin

876 942 935 978 uero
945 929 1057 993 quadam
1066 931 1092 980 in
1101 931 1186 994 terris,
1199 943 1275 994 quum
1285 944 1314 982 ea
1324 945 1373 980 non
1382 931 1431 980 slot
1441 930 1479 982 sui
1486 930 1563 993 juria,
1574 929 1666 993 aliquid

876 1008 907 1058 ab
917 1009 968 1058 arla
978 1008 1084 1058 alienum
1094 1009 1241 1071 admittunt,
1251 1021 1310 1060 care
1319 1010 1344 1058 in
1351 1022 1422 1060 musa
1431 1021 1485 1059 esse
1495 1009 1562 1059 dieas
1573 1014 1666 1060 ιιιειιιι

876 1099 1002 1149 nunquam
1013 1089 1078 1138 enlm
1090 1089 1166 1152 magis
1178 1089 1278 1140 artilicls
1289 1089 1320 1140 ab
1332 1093 1396 1150 acle,
1408 1102 1482 1152 quam
1498 1087 1641 1152 legislatoris
1652 1101 1667 1138 a

47 1136 211 1221 ᾶίίθωπίίθί
224 1135 319 1220 τέχνης
340 1134 540 1220 εὖπολώτῑθθί·
597 1135 726 1219 Καθάπερ
744 1125 789 1196 ⁰3⁹
807 1137 835 1194 ἐν
875 1165 1119 1230 iustitia,consilium
1131 1167 1253 1220 discedit:
1267 1171 1295 1218 ιιι
1305 1167 1549 1229 omittam,divlnam
1561 1171 1667 1217 mentem

47 1231 102 1296 ταῖς
112 1230 164 1286 τῶν
174 1230 273 1308 τεχνῶν
283 1225 458 1308 χειρουργίαις
470 1224 504 1285 τὰ
518 1224 566 1304 μὲν
580 1229 597 1298 θ
610 1223 688 1306 τέχνη
703 1247 835 1307 sponsos·
878 1243 956 1294 multo
974 1245 1063 1296 certius
1082 1259 1155 1309 quam
1175 1245 1307 1295 humanam
1319 1249 1410 1306 artem,
1429 1258 1531 1310 scopum
1549 1258 1622 1296 suum
1633 1245 1668 1295 at·

47 1313 131 1394 με’νως
145 1316 195 1398 δρᾷ
209 1312 392 1396 στοχαζομένη
408 1319 455 1374 τοῦ
473 1312 577 1387 τίλους,
591 1312 625 1373 τά
643 1313 671 1373 δέ
690 1312 781 1373 ἕπεται
801 1317 835 1394 τῇ

14 1427 36 1468 ιι
46 1403 214 1488 χειρουργίᾳ,
226 1406 256 1465 οὖ
269 1401 365 1484 τέχνης
378 1400 457 1485 ἐργα,
471 1401 530 1461 ἀλλ’
545 1401 610 1476 θλης
622 1401 709 1478 πάθη,
724 1407 837 1474 σπινθῆ-

48 1494 90 1577 ρίς
102 1517 132 1553 τε
143 1492 170 1564 ἐξ
184 1493 311 1572 ἄκμονος,
323 1489 370 1551 καί
382 1493 412 1550 ἐκ
422 1489 519 1572 βαίνοι
531 1489 700 1566 αίθαλιίισεις,
710 1491 756 1552 καί
771 1490 837 1551 ἀλλο

47 1583 73 1652 ἐξ
88 1583 169 1656 ἄλλης
184 1581 281 1657 πάθος,
295 1581 438 1660 ἀναγκαῖον
454 1579 502 1660 μὲν
515 1583 549 1660 τῇ
561 1580 688 1663 ἐργασίᾳ,
704 1583 733 1641 οὐ
749 1603 835 1662 προη-

45 1671 172 1753 γούμενον
184 1672 212 1731 δί
223 1675 262 1756 τῷ
276 1669 392 1752 τεχνίτῃ·
402 1668 484 1738 οίίτως
496 1669 590 1748 ἀμίλει
601 1668 706 1730 καίθσα
716 1669 778 1752 περὶ
787 1693 837 1750 γην

46 1759 120 1834 πάθη
137 1759 253 1840 γίνεται,
269 1757 301 1828 ἀς
314 1760 447 1837 καλοῦμεν
460 1761 551 1820 κακῶν
567 1757 738 1843 ἀνθρωπίνων
755 1757 839 1838 ἐμάο-

13 1871 35 1912 lt
47 1848 109 1922 λάς,
124 1851 236 1909 ἐνταῦθα
247 1846 359 1928 ἡγητέον
374 1847 490 1908 ἀναίτιον
504 1847 574 1929 [καί]
586 1847 634 1920 τὴν
649 1845 755 1928 τίχνην,
770 1837 838 1907 εἶναι

48 1937 172 2000 δὲταῦτα
186 1943 234 2011 τῆς
244 1943 291 1998 τοῦ
305 1937 367 1998 ὅλου
380 1937 552 2020 δημιουργίας
563 1936 654 2020 ὥσπερ
667 1935 741 2005 τινδις
754 1939 839 2019 ἀναγ-

47 2028 127 2096 καίας
139 2027 185 2090 καί
200 2024 330 2106 ἑπομένας
345 2025 442 2108 φύσεις·
458 2024 476 2086 6
491 2025 519 2086 δὲ
533 2030 610 2104 ἡμεῖς
622 2028 753 2106 καλοῦμεν
769 2024 840 2087 κακά

50 2116 97 2178 καί
111 2116 221 2200 φθορὰς,
232 2115 279 2177 καί
296 2115 336 2198 ἐρ’
354 2107 391 2184 οἷς
408 2114 569 2197 ὀδυρόμεθα,
586 2121 670 2178 ταῦτα
688 2120 703 2175 6
720 2114 840 2196 τεχνίτης

49 2209 129 2268 καλεῖ
140 2205 273 2286 σωτηρίαν
284 2210 332 2266 τοῦ
344 2204 415 2266 ὅλου·
432 2204 506 2284 μελει
516 2203 567 2288 γάρ
582 2207 655 2288 airh
665 2211 711 2266 τοῦ
723 2203 798 2278 όλου,
810 2227 840 2264 το

11 2320 36 2358 ιι
51 2295 79 2357 δὲ
94 2293 171 2378 με’ρος
186 2293 290 2373 ἀνάγκη
305 2298 451 2355 κακοῦσθαι
464 2292 530 2374 ὑπὲρ
543 2299 588 2354 τοῦ
602 2292 673 2358 ὅλου.
715 2293 840 2372 Δοιμιίιτ-

48 2408 139 2446 τουοιν
156 2384 301 2458 Ἀθηναῖοι,
322 2382 436 2444 σείονται
458 2381 676 2462 Λακεδαιμόνιοι,
695 2388 713 2457 ἡ
733 2385 840 2448 θετταε

50 2475 96 2535 λία
111 2472 295 2550 ἐπικλύζεται,
309 2478 327 2546 ί,
342 2471 426 2548 Αἴτνη
442 2469 576 2555 φλέγεται.
618 2471 673 2534 Καὶ
687 2469 751 2532 πότε
766 2471 842 2546 Ἀθη-

55 2562 139 2632 ναίοις
152 2560 297 2623 ἀθανασίαν
315 2565 330 2620 6
348 2558 414 2629 Ζεθς
429 2559 574 2640 ίιπέσχετος
588 2557 633 2620 ἐάν
647 2559 698 2644 γάρ
712 2559 814 2641 ἀπέλθῃ
828 2562 842 2620 6

49 2652 156 2733 λοιμθς,
170 2649 338 2724 Ἀλκιάιάδης
351 2649 395 2709 ἐπί
407 2649 533 2711 Σικελίαν
548 2651 598 2710 οὐκ
612 2648 686 2729 ἀγει;
701 2648 772 2711 Πότε
785 2653 843 2710 Λα-

10 2763 36 2802 25
51 2739 226 2820 κεδαιμονίοις
240 2738 371 2822 ὑπίσχετο
390 2744 440 2819 γῆν
459 2738 599 2819 ἀσειστον;
620 2739 684 2798 πότε
700 2741 844 2808 Θετταλοῖς

50 2839 101 2916 γῆν
121 2831 265 2904 ἀκλυστον;
282 2828 347 2889 πότε
365 2826 539 2896 Σικελιώταις
554 2833 604 2907 γῆν
625 2827 738 2910 ἀπυρον;
754 2828 843 2910 ίίίόρια

50 2929 137 2984 ταῦτα
154 2919 295 3000 σωμάτων.
337 2917 420 3001 Ὁρᾷς
435 2909 479 2977 oio
493 2916 527 2976 τά
546 2916 635 2991 πάθη,
650 2917 668 2976 ἀ
683 2916 715 2976 οδ
730 2915 778 2996 μὲν
792 2941 844 2978 κα-

50 3015 107 3080 λεῖς
120 3007 228 3094 ιρθοράν,
240 3006 446 3091 τεκμαιρόμενος
462 3011 495 3089 τῇ
508 3011 560 3067 τῶν
574 3005 705 3067 ἀπιόντων
719 3009 780 3089 ὁδῷ·
792 3005 844 3086 ἐγὼ

8 3213 37 3252 ao
51 3213 116 3251 τοιν.
159 3183 319 3259 Μεταόσλὴν
331 3189 392 3268 δρᾷς
404 3183 538 3263 σωμάτων
549 3182 595 3243 καί
606 3181 747 3264 γενέσεως,
764 3187 845 3244 ἀλλα·

51 3277 103 3360 γὴν
123 3275 189 3336 ὁδῶν
209 3273 265 3335 ἀνω
282 3273 329 3335 καί
346 3273 435 3348 κάτω,
451 3271 521 3334 κατά
534 3273 578 3332 τθν
594 3270 780 3354 Ἡράκλειτον·
799 3272 845 3333 καί

53 3357 130 3434 αὖθις
140 3355 175 3423 ai
186 3367 285 3434 ζῶντας
297 3359 346 3443 μίν
355 3361 400 3422 τὸν
413 3360 518 3422 ἐκείνων
528 3359 655 3434 θάνατον,
668 3359 847 3434 ἀποθνήσκον-

52 3479 103 3523 τας
115 3453 143 3514 δέ
157 3451 205 3526 τὴν
220 3451 326 3513 ἐκείνων
344 3450 424 3525 ζωήν.
466 3454 507 3531 Ζῇ
522 3455 576 3532 πῦρ
591 3449 636 3509 τὸν
652 3453 701 3531 γῆς
719 3447 844 3526 θάνατον,

53 3542 103 3604 καὶ
118 3542 214 3624 ἀὴρζῇ
231 3540 275 3600 τὸν
289 3539 370 3624 πυρὸς
382 3538 504 3600 θάνατον·
519 3536 590 3620 ὕδωρ
602 3541 634 3620 ζῇ
648 3538 692 3598 τὸν
707 3533 782 3622 ἀέρος
798 3537 847 3599 θά-

8 3653 39 3694 ss
54 3655 146 3708 νοιτον,
157 3655 192 3712 γη
203 3630 248 3691 τθν
261 3629 364 3698 ὕδατος.
405 3625 539 3709 Διαδοχὴν
557 3629 620 3710 δρᾷς
635 3625 692 3708 βίου
705 3638 753 3687 και
765 3652 849 3708 μετα-

55 3720 141 3795 Εολὴν
157 3719 300 3800 σωμάτων,
311 3716 480 3802 καινουργίαν
494 3721 540 3775 τοῦ
554 3714 627 3778 ὅλου.

97 3833 119 3872 ιι.
141 3811 194 3872 Ἴθι
206 3807 238 3882 δέ,
250 3807 297 3870 καί
308 3806 353 3869 ἐπί
364 3805 412 3880 τλν
426 3809 478 3867 τῶν
494 3803 581 3865 ἀλλων
597 3802 693 3887 ἀρχὴν,
707 3803 755 3879 τὴν
771 3805 848 3865 αὖτο·

54 3906 129 3984 φυῇ,
143 3899 177 3972 ἣν
189 3903 208 3972 ἡ
221 3901 308 3980 ψυχῆς
322 3895 424 3968 ἐξουσία
438 3889 541 3957 κυίσκει
554 3918 584 3954 τε
595 3894 640 3955 καὶ
654 3887 851 3978 τελεσφορεῖ,ᾔ

55 3991 143 4069 ὄνομα
164 3985 306 4070 μοχθηρία.
371 3987 458 4046 Αὐτοῦ
475 3989 523 4045 τοῦ
543 3981 667 4062 ἑλομένου
686 3984 773 4057 αίτία,
795 3983 851 4052 θεὸς

7 4097 38 4136 ιο
56 4079 184 4145 ἀναίτιος·
196 4074 253 4136 ἐπεί
262 4073 315 4158 γάρ
327 4073 379 4136 ἔδει
392 4079 442 4154 γῆν
455 4072 577 4153 γενέσθαι
591 4071 639 4153 μὲν
651 4071 794 4153 ἔγκαρπον,
805 4073 851 4134 καί

56 4165 216 4252 ζῳοτρόρον,
229 4163 275 4225 καί
289 4163 506 4247 πολυθρέμμονα,
518 4161 588 4244 ἔχειν
603 4159 631 4222 δὲ
648 4164 674 4221 ἐν
688 4165 768 4244 ἑαυτῇ
781 4162 851 4224 κακά

824 4250 831 4270 t

57 4257 133 4317 ἔνδον
144 4251 338 4338 καθειργμάνα,
353 4250 532 4330 ἐξεληλαμένα
543 4254 590 4310 τοῦ
608 4251 732 4331 οὐρανοῦ,
752 4252 790 4318 εἷς
806 4275 851 4310 τον

58 4348 138 4430 δεῦρο
152 4342 232 4404 τόπον
250 4341 339 4424 ἐμίγη.
381 4340 450 4410 Osi<
464 4339 492 4400 δέ
506 4337 606 4407 πολλάς
621 4338 668 4398 καί
681 4339 853 4408 παντοδαπὰς

57 4433 134 4519 ζῴοιν
153 4430 315 4514 κληρουχίας
332 4432 378 4506 **,
397 4429 460 4510 δίχα
477 4430 563 4488 αὐτῶν
583 4424 631 4500 τὴν
651 4425 758 4510 πρώτην
776 4425 853 4510 φάσιν

6 4549 43 4590 ss
58 4523 226 4599 διελόμενος,
236 4520 285 4594 τὴν
302 4518 351 4600 μὲν
362 4509 429 4580 εἶναι
440 4515 614 4590 παντοδαπὴν
626 4519 652 4576 ἐν
664 4523 718 4584 τοῖς
731 4514 796 4596 βίοις
807 4515 853 4577 καί

56 4613 185 4686 ποικίλην
196 4615 250 4680 τοῖς
263 4608 393 4690 σώμασιν,
405 4608 509 4686 ἄλογον,
520 4604 635 4689 ἀρρονα,
647 4604 853 4688 ἀλληλορθόρον,

57 4702 175 4775 ἀνόητον
187 4705 262 4776 θεοῦ,
274 4701 368 4782 ἀρετῆς
380 4697 499 4780 ἄμοιρον,
510 4696 553 4755 ὑπ’
564 4694 710 4769 αἰσθήσεως
722 4693 853 4779 ἐφημέρου

59 4789 230 4875 βοσκομένην
242 4786 288 4848 καί
302 4783 557 4868 δημαγωγοιιμίνην,
570 4781 681 4864 ίοχυρδιν
693 4783 741 4862 μὲν
749 4787 787 4842 τῶ
800 4807 853 4843 σω-

57 4904 144 4961 ματι,
159 4877 298 4960 ἀμήχανον
313 4875 341 4938 δέ
355 4880 393 4958 τῷ
405 4877 535 4956 λογισμῷ·
547 4869 594 4945 τὴν
610 4870 638 4932 δὲ
653 4870 743 4955 ἑτέραν
758 4843 792 4930 αίί
806 4869 854 4946 τλν

4 4997 46 5038 ιο
58 4965 231 5050 ἀνθρωπίνην
252 4965 367 5047 ἔμπαλιν
381 4968 493 5044 ὁμογενῆ
512 4959 558 5021 καί
576 4958 699 5040 ξύννομον
716 4959 763 5020 καί
782 4958 855 5040 μίαν,

59 5061 163 5130 ἀσθενῆ
174 5056 222 5136 μὲν
233 5059 272 5140 τῷ
282 5054 401 5134 σώματι,
413 5052 543 5137 ἀρρηκτον
556 5047 584 5109 δὲ
596 5051 634 5133 τῷ
647 5048 732 5132 λόγῳ,
747 5049 856 5123 συνετὴν

59 5151 140 5220 θεοῦ,
155 5143 288 5214 πολιτείας
302 5143 426 5225 μίτοχον,
442 5137 579 5207 κοινωνίας
595 5141 707 5221 ἐρῶσαν,
723 5137 796 5212 δίκης
809 5138 856 5199 καί

878 1321 978 1386 tingere.
1012 1323 1078 1376 sicut
1094 1327 1175 1374 autem
1187 1323 1213 1372 lu
1223 1322 1370 1373 mechanicis
1381 1321 1476 1374 artibus
1487 1322 1600 1386 quaedam
1612 1336 1669 1373 con·

879 1401 944 1452 sulto
954 1403 1007 1467 ipsa
1018 1417 1057 1454 ars
1068 1405 1117 1466 agit
1123 1440 1131 1466 ,
1143 1404 1204 1455 dum
1215 1402 1288 1455 linem
1300 1417 1371 1454 suum
1381 1402 1492 1468 respicit,
1501 1401 1615 1467 quaedam
1625 1415 1670 1454 sua

879 1481 967 1544 sponte
980 1486 1115 1545 wquuntur
1124 1495 1202 1546 opus,
1213 1495 1269 1545 quae
1281 1495 1330 1531 non
1342 1481 1402 1531 artis
1413 1494 1500 1544 opera,
1514 1481 1556 1531 sed
1566 1481 1670 1532 allectio·

879 1573 922 1611 nes
937 1565 993 1611 sunt
1005 1562 1125 1624 materie,
1138 1565 1165 1612 ut
1176 1575 1254 1625 quum
1267 1561 1378 1612 scintillae
1389 1561 1420 1611 ab
1431 1561 1531 1622 incude,
1547 1574 1562 1611 e
1576 1561 1671 1612 fornace

805 1675 822 1690 a
880 1638 980 1701 larlllae,
992 1646 1017 1690 et
1027 1653 1058 1690 ex
1067 1641 1114 1690 alia
1125 1640 1226 1690 materie
1237 1639 1304 1690 aliud
1315 1639 1416 1701 accidit,
1428 1638 1494 1703 quod
1502 1639 1581 1703 opens
1592 1652 1671 1704 respe-

879 1718 921 1769 ctu
935 1719 1098 1770 necessarium
1110 1721 1160 1781 est,
1172 1718 1252 1784 opillci
1269 1720 1352 1782 tarueu
1370 1731 1420 1768 ιιοιι
1438 1721 1476 1768 est
1492 1718 1644 1782 propositum
1663 1730 1671 1768 ε

880 1795 966 1846 eodem
979 1795 1052 1846 modo
1064 1796 1088 1846 ln
1101 1797 1201 1848 terrenis
1217 1796 1265 1846 illis
1277 1797 1363 1860 malis,
1376 1808 1431 1860 quse
1442 1795 1555 1846 humanis
1568 1796 1671 1846 interve·

881 1874 933 1924 nire
944 1873 1018 1926 rebus
1027 1873 1146 1937 dicimus,
1158 1873 1355 1926 lllrerandaomnl
1367 1874 1439 1937 culpa
1449 1874 1546 1934 arsesl,
1556 1877 1581 1924 et
1590 1872 1672 1924 eristi·

882 1951 1012 2014 mendum,
1032 1952 1092 2002 nhril
1103 1951 1168 2002 allud
1186 1966 1230 2014 ea,
1243 1965 1318 2016 ηυααι
1330 1952 1476 2002 necessarias
1487 1951 1604 2014 quamam
1616 1964 1671 2002 ease

882 2034 906 2080 et
923 2035 1094 2082 consentaneas
1105 2030 1131 2079 in
1149 2030 1253 2081 universi
1265 2030 1341 2080 totius
1353 2029 1441 2080 lubrica
1452 2031 1515 2078 vires
1531 2044 1538 2080 ι
1556 2042 1586 2078 ea
1601 2042 1673 2091 vere,

882 2123 938 2173 quac
948 2123 993 2159 nos
1005 2108 1081 2171 mala,
1094 2122 1155 2172 quas
1167 2108 1334 2171 corruptiones
1346 2107 1463 2168 dicimus,
1479 2119 1534 2170 quae
1545 2106 1672 2170 lugemus,

826 2203 834 2226 ι
882 2201 911 2238 ea
930 2186 1136 2237 conservationem
1157 2186 1230 2236 lolius
1246 2190 1318 2236 vocat
1331 2185 1497 2248 opilex3quia
1510 2189 1587 2234 totmn
1602 2185 1675 2249 respi-

882 2265 929 2329 cit,
941 2265 1013 2328 cujus
1024 2264 1184 2316 conservandi
1196 2277 1269 2314 cerasa
1280 2276 1379 2314 necesse
1390 2264 1428 2313 eal
1439 2263 1560 2326 eorrumpi
1571 2265 1673 2326 partem.

884 2348 954 2396 Peste
971 2343 1129 2394 Athenienses
1145 2341 1294 2405 ailllguntur,
1312 2343 1380 2392 motu
1396 2345 1466 2392 tertae
1482 2339 1674 2404 Lacedaemonii,

884 2425 1031 2477 inundantur
1046 2423 1169 2485 Thessali,
1186 2424 1258 2474 AEtna
1274 2422 1423 2474 accenditur.
1456 2427 1488 2474 Αι
1503 2435 1561 2472 uero
1579 2421 1675 2486 quando

884 2505 1069 2558 Atheniensibus
1080 2504 1287 2554 immortalitatem
1305 2502 1415 2567 promisit
1431 2503 1561 2566 luppiter?
1580 2515 1636 2554 nam
1656 2503 1677 2552 sl

885 2583 961 2648 pestis
973 2583 1081 2646 desinat,
1096 2595 1175 2632 nonne
1186 2582 1211 2631 in
1224 2581 1331 2632 siciliam
1346 2580 1483 2633 Alcibiades
1495 2582 1583 2631 veliem
1597 2584 1678 2645 potest

885 2663 1017 2728 populum?
1033 2659 1135 2723 Quando
1151 2659 1342 2711 Laoedaemoniis
1360 2659 1483 2724 pollicitus
1498 2664 1535 2710 est
1553 2662 1643 2710 terram
1664 2673 1678 2708 a

887 2742 954 2790 motu
967 2741 1114 2790 immunem?
1126 2742 1168 2788 aut
1177 2739 1208 2788 ab
1220 2737 1377 2788 inundatione
1388 2737 1526 2788 Thessalis?
1537 2741 1580 2787 aut
1593 2737 1679 2788 Siculis

886 2819 918 2868 ah
939 2819 1009 2883 igne?
1029 2821 1090 2867 Sunt
1111 2817 1164 2866 haec
1186 2816 1254 2879 quasi
1270 2820 1351 2880 parles
1371 2827 1500 2878 corporum
1516 2819 1541 2864 et
1560 2816 1676 2866 membra.

887 2902 976 2948 Eorum
984 2895 1052 2946 vides
1061 2897 1214 2955 affectiones,
1225 2907 1285 2958 quaa
1296 2899 1322 2944 tu
1335 2907 1409 2944 vocas
1418 2893 1612 2956 corruptionem,
1621 2895 1679 2958 quia

887 2992 980 3042 eaquae
990 2979 1110 3029 intereunt
1120 2975 1514 3041 respicis5egoconservationem,
1524 2976 1567 3038 qul
1577 2989 1679 3040 eaque

888 3057 1018 3109 succedent
1030 3057 1060 3108 iis
1072 3063 1096 3108 et
1108 3058 1248 3121 sequentur.
1289 3054 1365 3106 Vides
1375 3055 1535 3105 mutationem
1546 3069 1678 3118 corporum

888 3143 913 3192 et
924 3140 1083 3204 generationis
1092 3139 1214 3190 continuus
1225 3153 1231 3188 :
1244 3151 1300 3202 quac
1311 3138 1371 3187 nihil
1381 3139 1440 3188 sunt
1450 3137 1517 3188 allud
1528 3152 1601 3202 qulam
1612 3152 1680 3203 quaa·

889 3224 959 3287 dam,
971 3230 998 3275 nl
1010 3223 1146 3276 Heraclitus
1157 3221 1264 3280 dicebat,
1277 3221 1349 3272 modo
1362 3235 1460 3272 sursum
1478 3221 1550 3272 modo
1562 3221 1677 3273 deorsum

889 3320 989 3359 currens
1001 3305 1102 3368 semita,
1113 3306 1142 3355 ut
1153 3304 1215 3354 alius
1226 3304 1325 3354 alterius
1340 3303 1408 3355 vivat
1419 3308 1523 3355 mortem
1529 3341 1537 3367 ,
1550 3304 1611 3356 alius
1622 3304 1681 3356 alte-

890 3394 941 3444 rius
951 3393 1002 3444 ulta
1011 3392 1136 3443 moriatur.
1168 3395 1205 3442 Ex
1214 3390 1312 3441 interitu
1324 3394 1396 3441 terrae
1405 3390 1466 3453 ignis
1478 3389 1566 3452 oritur,
1579 3403 1610 3441 ex
1619 3390 1681 3455 lgnis

891 3476 990 3528 interitu
1008 3476 1085 3526 oritur
1093 3489 1148 3540 νοις
1164 3488 1194 3525 ex
1211 3473 1273 3524 aeria
1288 3473 1386 3524 interitu
1400 3473 1558 3538 aquaoritur,
1570 3487 1600 3524 ex
1610 3486 1681 3538 aquae

890 3561 1156 3617 interituoriturterra,
1188 3559 1264 3611 Vides
1272 3559 1513 3610 successionemvitae
1523 3558 1681 3623 universalia,

891 3647 960 3698 vides
971 3646 1188 3697 commutationem
1204 3658 1345 3710 corporum,
1363 3657 1420 3708 quae
1435 3644 1577 3695 universum
1593 3646 1682 3696 consti-

893 3731 1201 3794 tuunlperpetuonovum.
1669 3749 1671 3754 ·

924 3821 948 3866 5.
965 3817 1021 3866 lam
1037 3814 1067 3865 ad
1085 3814 1187 3865 alterum
1199 3813 1317 3864 malorum
1326 3811 1469 3876 principium
1481 3811 1568 3873 hausi,
1578 3810 1610 3861 ad
1619 3811 1681 3862 illud

892 3892 957 3958 qrrod
970 3892 1040 3943 nohis
1049 3892 1158 3942 innatum
1165 3892 1216 3953 est,
1225 3891 1292 3955 qnod
1303 3891 1392 3940 animes
1399 3889 1495 3940 licentia
1506 3891 1620 3954 unquam
1633 3903 1682 3940 ma·

892 3962 1585 4035 teroonclpitetconsummatoriimpwhltatinomen'est.
1615 3965 1683 4018 lianc

893 4049 935 4113 qui
951 4049 1066 4108 assumit,
1082 4049 1136 4111 eius
1152 4052 1190 4098 est
1206 4047 1279 4112 culpa
1299 4063 1305 4096 :
1327 4045 1402 4098 deum
1418 4047 1487 4096 extra
1502 4045 1600 4095 noxiam
1611 4045 1684 4096 relin-

894 4128 962 4192 quat.
996 4130 1078 4186 Quum
1095 4126 1160 4176 enlm
1178 4129 1268 4176 terram
1280 4125 1358 4176 creari
1368 4138 1469 4176 necesse
1489 4125 1568 4186 esset,
1586 4137 1641 4188 quae
1660 4128 1684 4174 et

895 4206 975 4268 fruges
984 4204 1052 4256 daret
1063 4208 1088 4254 et
1095 4205 1245 4266 animantes,
1256 4204 1380 4268 multaque
1389 4203 1504 4254 educaret
1511 4203 1571 4264 alia,
1582 4215 1684 4266 mmque

894 4285 1017 4348 oporteret
1033 4283 1087 4346 ipsa
1098 4282 1159 4332 intra
1176 4295 1202 4332 se
1212 4281 1333 4332 continere
1345 4281 1423 4344 mala;
1443 4280 1533 4331 lactum
1551 4281 1589 4330 est
1604 4285 1633 4330 ut
1644 4280 1685 4330 illa

895 4364 956 4414 curlo
965 4363 1041 4426 ejecta
1049 4362 1115 4412 hunc
1126 4361 1173 4412 sihi
1182 4361 1333 4412 vindicarent
1341 4361 1431 4412 locum.
1466 4360 1685 4412 ceterumdlversa

895 4447 921 4494 et
931 4445 1056 4507 omnigena
1066 4443 1127 4493 deus
1136 4441 1279 4507 [constituit]
1290 4441 1415 4503 animalia,
1425 4455 1528 4506 quorum
1537 4441 1640 4505 primam
1651 4440 1686 4491 bi·

896 4522 980 4572 leriam
995 4523 1077 4573 divisit
1093 4525 1218 4583 naturam;
1236 4525 1264 4571 ut
1276 4521 1351 4571 altera
1362 4520 1429 4571 omni
1445 4523 1470 4571 et
1480 4519 1685 4572 vivendiratione

897 4607 921 4654 et
933 4616 1062 4667 corporum
1075 4602 1154 4652 lorma
1163 4601 1288 4652 dissimilis
1299 4601 1361 4651 inter
1372 4614 1398 4651 se
1408 4605 1473 4652 esset
1482 4605 1506 4651 et
1516 4601 1622 4662 diversa,
1634 4601 1685 4652 sine

897 4692 989 4742 ratione
1000 4693 1043 4740 aut
1052 4689 1196 4754 prudentia,
1212 4689 1246 4738 ita
1255 4693 1284 4740 ιιι
1295 4689 1399 4740 alterum
1410 4689 1436 4740 in
1447 4689 1576 4752 perniciem
1587 4689 1685 4739 alterlm

826 4781 834 4806 t
897 4774 996 4832 natum,
1006 4769 1095 4821 didere
1107 4773 1200 4820 naturae
1211 4770 1333 4832 nescium,
1350 4771 1450 4821 virtutis
1468 4783 1568 4831 exsors,
1584 4768 1685 4832 soloque

898 4863 972 4901 sensu
984 4850 1009 4900 in
1020 4851 1084 4902 diem
1094 4849 1208 4913 gauderet
1217 4851 1242 4900 et
1251 4850 1395 4909 decoratum
1407 4849 1513 4914 corporis
1523 4849 1615 4900 viribus
1626 4846 1685 4898 erni-

898 4934 982 4994 uerel,
993 4928 1116 4981 inteHcctu
1127 4933 1209 4978 autem
1219 4928 1281 4978 nihil
1291 4931 1373 4992 posset
1391 4945 1398 4978 :
1409 4929 1483 4979 altera
1492 4941 1566 4990 vero,
1576 4939 1632 4990 quae
1647 4926 1686 4976 est

899 5007 1038 5070 hominum,
1053 5007 1163 5070 ejusdem
1172 5009 1236 5058 esset
1244 5009 1350 5070 generis,
1361 5007 1469 5068 socialis,
1479 5009 1551 5069 atque
1561 5018 1621 5066 unu;
1633 5017 1685 5054 cor·

898 5100 958 5152 pore
974 5085 1073 5150 quidem
1085 5085 1224 5148 imbecillis,
1238 5086 1332 5137 ratione
1346 5099 1405 5136 uero
1422 5083 1629 5148 inexpugnabilis,
1645 5081 1685 5132 dei

899 5161 1685 5231 capax,civilisadministrationiscompos,consortiiamans,iusti·

60 5236 149 5315 νόμον
163 5229 493 5380 καίριλίαςγιγιυρνίνην·
535 5227 613 5291 Ἔδει
628 5227 656 5288 δέ
671 5226 722 5310 ἄρα
735 5226 766 5287 τί
784 5225 858 5308 γένος
898 5244 1204 5309 tioe,legumetamicitite
1212 5244 1304 5296 hahens
1313 5247 1420 5308 matum.
1453 5241 1525 5303 Quod
1536 5242 1684 5307 ςιιιθειιιςε·

60 5328 147 5384 τοῦτο
172 5329 289 5405 κρεῖττον
315 5320 364 5401 μίν
384 5342 452 5386 tuat
468 5321 515 5393 τῆς
536 5319 563 5378 ἐν
583 5319 618 5400 γῇ
637 5314 724 5392 πάσης
747 5315 856 5397 ἀγέλης,

901 5337 949 5376 nus
960 5322 1089 5390 omnihus,
1101 5337 1156 5389 quae
1166 5326 1255 5377 terram
1266 5322 1365 5390 quidem
1376 5321 1483 5374 colerent
1491 5357 1500 5384 ,
1509 5321 1625 5384 presure
1635 5317 1685 5370 aul·

1625 5447 1662 5487 ιο.
