3814 5792
798 493 1017 556 PRAEFATlO.
1541 505 1577 546 ιιι

211 641 422 714 simillima
436 667 546 714 manu
562 644 736 741 scriptum
750 648 836 715 anni
852 659 939 716 uota
949 669 1026 716 esse
1038 643 1268 730 instructum,
1283 664 1364 736 quae
1377 637 1422 710 ad
1433 639 1577 708 tertium

215 762 421 838 decimum
441 768 614 842 saeculum
632 770 801 840 remittat.

274 894 364 962 dam
387 893 541 990 longum
566 907 661 964 esset
681 919 826 966 narrare
846 893 965 983 locos,
991 891 1189 990 inquibus
1215 891 1270 962 vel
1295 887 1464 960 codicum
1497 887 1579 956 scri·

223 1029 382 1111 pturam
410 1014 627 1107 reduxerim,
644 1016 700 1088 vel
717 1015 928 1088 admiserim
948 1016 1187 1113 ¹conjecturas
1212 1040 1220 1084 τ
1247 1012 1349 1084 facile
1376 1010 1579 1106 intelligent

212 1141 541 1234 quoruminterest
561 1167 603 1214 ex
631 1139 736 1214 libris
755 1141 873 1216 editis.
901 1147 1031 1214 Praerer
1053 1138 1197 1212 codices
1217 1136 1331 1226 dum,
1355 1135 1419 1232 qui
1451 1133 1582 1206 decimi

231 1259 360 1332 saeculi
389 1261 550 1335 ineuntis
581 1287 659 1336 esse
680 1262 916 1360 judicantur,
945 1263 1068 1336 denuo
1097 1261 1265 1350 collatos,
1301 1258 1440 1355 inspexi
1474 1257 1580 1327 etiam

233 1385 592 1461 Fonteblandensem
616 1388 902 1486 bombycinum,
922 1414 1002 1461 saec.
1026 1391 1121 1479 Xlll,
1150 1411 1259 1484 quem
1283 1385 1319 1455 in
1343 1409 1418 1454 ιιιιο
1441 1397 1580 1453 tantum

234 1508 322 1582 loco
340 1509 387 1582 ab
400 1510 471 1584 illis
487 1511 754 1610 discrepantem
772 1512 859 1585 vidi.
880 1517 928 1584 Ex
942 1511 1001 1584 his
1021 1528 1151 1610 praeter
1166 1507 1319 1580 levicula
1335 1503 1502 1605 quaedam
1528 1531 1581 1576 re·

235 1632 307 1704 tuli
333 1634 457 1706 omnia
476 1661 555 1733 quae
576 1636 676 1736 apud
697 1636 945 1710 Needhamum
963 1634 1217 1709 desiderantur
1236 1632 1291 1702 vel
1311 1655 1386 1702 non
1404 1653 1487 1701 vere
1506 1646 1577 1700 tra·

235 1755 389 1828 duntur.
403 1762 539 1832 luserui
551 1761 787 1860 etiamaliqua
798 1788 841 1834 cx
853 1761 979 1834 codice
991 1760 1113 1833 nescio
1122 1783 1197 1858 quo
1207 1755 1379 1844 Palatino,
1388 1779 1498 1853 quem
1511 1759 1575 1826 Ne·

236 1880 378 1954 reletus
391 1882 547 1956 contulit
561 1909 646 1956 cum
660 1887 826 1984 exemplo
842 1884 1013 1958 editionis
1027 1883 1166 1956 llorelli
1183 1883 1314 1980 (Lutet.
1336 1877 1454 1976 1583),
1476 1879 1580 1976 quod

235 2019 403 2076 servatur
424 2007 461 2077 in
478 2007 700 2080 bibliotheca
716 2011 832 2106 Regia.
854 2010 1071 2108 Plerumque
1094 2005 1275 2082 consentit
1299 2003 1358 2075 ille
1378 2030 1460 2076 cum
1486 2003 1581 2076 ere·

236 2128 414 2226 digerano
433 2131 656 2205 Sclrneideri.

287 2269 440 2336 Prooem.
461 2265 485 2335 l.
512 2292 552 2367 ¹9
576 2267 760 2340 Palatinus
786 2269 944 2342 Neveleti
967 2271 1028 2343 dat
1058 2275 1082 2344 ὦ
1103 2272 1275 2366 Περίκλεις,
1294 2264 1395 2364 quod
1421 2262 1520 2335 unde
1540 2263 1576 2332 in

237 2391 482 2462 Heinsianum
508 2395 705 2490 marginem
731 2399 886 2486 venerit,
912 2399 1097 2494 quaerebat
1119 2396 1320 2469 Fischerus.
1343 2436 1391 2453 -
1416 2390 1523 2463 Char.
1544 2394 1579 2482 1,

233 2523 261 2594 l.
283 2523 304 2596 3
323 2522 436 2594 codex
448 2533 478 2595 A
496 2530 526 2594 ἐν
540 2530 647 2616 τύπῳ,
668 2527 747 2598 sinc
766 2538 827 2617 ὡς,
843 2528 867 2600 Ι.
883 2531 1057 2619 Quados
1085 2535 1127 2619 14
1142 2528 1249 2603 codd.
1271 2529 1486 2620 βουλεύεσθαι,
1505 2517 1583 2596 noti
1604 2535 1608 2542 '

16 695 32 787 't

234 2661 402 2730 -σωθαι,
427 2658 649 2732 Eorumdem
674 2661 888 2759 scripturam
913 2665 1022 2760 posui
1048 2665 1083 2736 in
1108 2663 1192 2735 loco
1215 2660 1434 2758 interpolato
1458 2656 1481 2726 l.
1515 2681 1581 2753 27,

233 2783 405 2880 quamvis
420 2783 661 2885 depravatam.
681 2785 909 2858 Needlramus
928 2787 1013 2860 falsa
1027 2787 1209 2862 retulerat.
1227 2813 1273 2885 29
1288 2785 1382 2856 miro
1399 2807 1580 2853 consensu

235 2920 404 2998 omnesi·¹
425 2919 474 3002 οὖς
493 2925 581 3016 ἔχεις.
603 2963 652 2976 -·-
669 2920 775 2992 Char.
793 2925 847 3012 ΙΙ,
872 2947 914 2993 ιο
932 2925 1151 3022 παρακείμενος
1168 2921 1238 2992 Pal.
1261 2916 1430 2989 Neveleti.
1450 2959 1499 2968 -—-
1514 2918 1580 3006 ΙΙΙ,

237 3071 286 3142 29
304 3053 354 3122 ἐπὶ
375 3057 412 3122 τὸ
430 3047 551 3124 δεῖπνον
570 3051 652 3125 cod.
674 3056 700 3125 Α
716 3053 826 3125 solus.
849 3053 895 3142 34
915 3059 1045 3152 πλόϊμον
1063 3080 1212 3145 omncS,
1228 3069 1263 3124 et
1282 3056 1324 3138 4ι
1345 3057 1415 3121 κατ’
1432 3050 1509 3120 sine
1525 3047 1576 3118 τὰ.

235 3183 328 3253 Ante
342 3175 525 3284 Ᾰπατούρια
538 3185 731 3258 articulum
746 3186 884 3285 praebet
897 3189 1136 3261 Monacensis.
1152 3193 1260 3280 -ΙΙΙ,
1279 3214 1289 3259 ι
1305 3211 1314 3254 ι
1340 3184 1437 3269 δεινὸς
1453 3205 1580 3250 omnes

234 3320 481 3422 superscripto
503 3351 566 3412 ως,
588 3335 624 3391 et
640 3323 803 3418 πρααίρων.
830 3348 872 3420 ¹9
900 3323 1051 3396 Casaub.
1068 3325 1138 3394 λίαν
1152 3328 1260 3422 λέγων.
1284 3321 1378 3418 Sigla
1396 3320 1433 3391 in
1454 3315 1580 3389 codice

234 3459 355 3528 Anon
375 3457 451 3551 μὲν,
470 3453 534 3528 sed
560 3455 648 3550 μενόν
675 3451 823 3524 indicat.
852 3452 897 3524 25
918 3455 1027 3526 codd.
1050 3459 1277 3554 ὑποκείρασθαι.
1303 3499 1351 3508 -
1381 3457 1427 3545 V,
1448 3456 1512 3540 41,
1532 3454 1577 3536 da

233 3592 283 3662 ita
300 3589 512 3662 scribuntur
528 3589 565 3659 in
583 3584 712 3679 codd,
732 3612 807 3658 non
824 3602 864 3659 ut
880 3589 988 3661 refert
1007 3590 1201 3663 Needham.
1222 3635 1270 3645 —
1288 3595 1352 3680 Vl,
1379 3615 1418 3660 ια
1438 3589 1579 3686 ἐργασίαν

233 3725 362 3822 αἰσχρὰν
385 3722 501 3796 codex
517 3725 557 3795 A.
584 3722 626 3795 ι6
645 3735 739 3794 τοῦτο
757 3717 786 3792 δ’
805 3721 841 3793 ἂν
860 3747 1000 3814 omnes,
1016 3749 1091 3795 non
1110 3735 1195 3798 τοῦτ’
1213 3725 1262 3816 ἃν,
1279 3722 1380 3822 quod
1399 3735 1578 3792 enotatur·

233 3879 284 3930 20
309 3858 388 3932 cod.
407 3868 437 3930 A
455 3866 511 3938 τὴν
530 3861 645 3953 ἀρχὴν,
663 3871 698 3927 et
728 3854 772 3926 32
801 3855 897 3927 idem
917 3861 956 3940 εἰς
972 3853 1055 3930 λανδ.
1089 3885 1135 3957 29
1160 3885 1288 3931 omnes
1317 3871 1483 3951 -πώλια,
1500 3890 1574 3934 non

231 3987 594 4082 -πωλεῒα.-ΙΙΙΙ,45
605 3990 701 4087 ἀρχὰς
718 4011 865 4077 omnes,
885 3988 993 4059 etiarn
1013 3989 1084 4059 Pal.
1103 3990 1273 4062 Neveleti.
1294 3994 1491 4066 Needlrami
1510 4022 1576 4066 no·

231 4126 412 4198 tationem
428 4123 521 4198 male
538 4123 635 4224 cepit
652 4117 843 4192 Fischerus
863 4134 898 4191 et
919 4138 1003 4218 post
1022 4148 1107 4194 eum
1125 4123 1196 4196 alii.
1213 4129 1235 4212 4
1257 4152 1385 4200 omnes
1403 4124 1575 4226 πραδιηγή.

230 4263 365 4350 caedar,
384 4275 419 4331 et
442 4256 461 4330 5
481 4261 573 4346 τότε,
592 4281 667 4327 ιιοιι
687 4281 775 4326 ποτε.
807 4254 848 4327 13
869 4263 935 4326 ἐστι
957 4257 1094 4329 omittit
1122 4258 1193 4328 Pal.
1219 4259 1394 4352 Neveleti‚
1419 4263 1577 4336 ididem

229 4409 268 4466 et
286 4391 366 4464 cod.
383 4403 412 4466 A
427 4392 663 4492 luia—Vlll,
676 4386 722 4458 23
742 4385 793 4486 (et
813 4391 875 4478 XI,
893 4389 954 4488 αα)
973 4395 1087 4462 ἀπαντ.
1109 4391 1217 4462 etiarn
1237 4393 1309 4464 Pal.
1331 4393 1402 4466 ille.
1417 4397 1522 4470 35καὶ
1540 4398 1576 4470 ἂν

227 4547 373 4596 omnes.
394 4521 441 4612 45
461 4527 593 4605 πιθανῶς
613 4519 806 4593 commode
823 4522 961 4593 omittit
978 4523 1092 4598 codex
1111 4539 1152 4604 A.
1165 4536 1211 4618 44
1232 4558 1361 4605 omnes
1378 4546 1480 4603 ταῦτα
1501 4525 1574 4600 οἶδε.

227 4657 279 4748 48
303 4654 654 4758 Απροσδεδραμηκέναι.
669 4680 703 4752 7,
724 4653 869 4752 8posui
893 4661 965 4741 τοὺς
985 4663 1173 4755 ἀκούοντας,
1199 4669 1249 4749 οὒς
1269 4674 1349 4738 οὕτω
1369 4675 1575 4738 καταπονοῦσι

226 4819 298 4896 pro
319 4791 463 4890 vulgato
480 4794 552 4872 τοὺς
571 4793 739 4868 ἀκούοντας
758 4793 839 4858 οὕτω
862 4790 914 4858 καὶ
932 4811 1189 4882 καταπονοῦντες.
1209 4801 1329 4872 Nostri
1344 4823 1472 4871 omnes
1490 4820 1574 4866 cum

224 4927 302 5002 Pal.
324 4931 414 5030 ch·
430 4937 647 5004 καταπονοῦσι·
667 4962 716 4974 --
736 4923 807 5011 ΙΧ,
839 4945 880 4991 12
910 4921 991 4997 cod.
1025 4939 1054 5000 Α
1075 4927 1200 5028 κέρδους
1227 4938 1342 5024 εἵνεκα,
1368 4929 1410 5004 13
1436 4935 1573 5000 ἀποστε-

219 5075 345 5165 ρεῖται,
368 5064 556 5148 140mnes
576 5055 757 5148 δανείζεται,
784 5051 825 5121 ι8
845 5057 931 5128 Tttn
952 5062 1059 5135 etiam
1081 5065 1152 5136 Pal.
1168 5071 1254 5138 Nev.
1272 5109 1318 5119 -
1336 5069 1379 5154 X,
1397 5064 1443 5160 39
1464 5060 1571 5134 codd.

215 5199 277 5284 τὰς
297 5188 340 5296 (Β
361 5186 411 5292 τὶ)
431 5203 555 5284 κύλικας
571 5201 688 5290 πόσας,
705 5222 780 5268 ιιοιι
796 5212 837 5269 ut
852 5199 1023 5296 refertur,
1045 5218 1079 5274 et
1098 5207 1145 5290 44
1163 5229 1236 5276 non
1256 5199 1472 5277 dandulodtmc
1485 5253 1494 5284 ‚
1508 5204 1569 5274 sed

209 5335 428 5414 ἰκὸαλούσας.
446 5337 507 5404 Est
521 5349 639 5406 autem
656 5333 811 5411 indultus
826 5335 953 5407 luisset·
965 5337 1108 5408 tomber.
1127 5337 1174 5425 46
1191 5364 1259 5436 pro
1275 5343 1465 5433 καλύμματα
1482 5339 1569 5407 mire
