3740 5780
94 401 274 479 ,ero-112.)
581 403 753 465 orrxrur
777 403 898 464 nunu
923 402 1120 464 nrssnuu.
1146 405 1221 466 vrr.
1668 419 1705 474 ει

93 531 245 610 Ἰσθμικῆς,
256 530 301 591 καί
309 531 409 591 σελίνου
418 533 567 613 Ἀργολικοῦ
575 580 583 608 ,
590 533 636 594 καί
646 536 738 615 μήλων
749 539 879 597 Πυθικῶν·
922 543 1551 616 apinmsrgobcum,etma1eoonsequetureytbiea;
1559 567 1635 617 quum
1645 567 1708 620 pras·

92 620 136 678 καὶ
151 626 255 694 ταῦτα,
272 623 319 680 οὐκ
338 619 404 694 αὐτῇ
419 619 516 702 ἔχουσα
535 627 551 694 ἡ
575 622 646 706 ψυχὴ
661 623 709 697 τὴν
729 623 814 683 αἰτίαν
833 629 880 696 τῇς
920 632 1706 708 cipnenoncausasuabaeccertaminusubeataulma,sedobeam,

92 709 221 788 ἀγωνίας,
233 707 301 768 ἀλλά
314 710 357 769 διὰ
366 709 414 782 τὴν
428 712 576 786 συνοίκησίν
587 737 616 772 τε
628 712 673 772 καί
686 713 751 794 πρὸς
759 713 788 773 τδ
801 717 879 792 σῶμα
920 721 1319 788 quaoobceretcumcorporesuoet
1326 729 1445 788 cusator,
1452 729 1651 782 consuetudinem
1658 746 1707 790 una

91 799 198 877 ὁμιλίαν
220 799 440 860 συναπολαύουσα
455 805 501 872 τῇς
521 801 593 875 νίκης
610 805 680 884 αὐτῷ
697 801 743 863 καλ
763 806 813 862 τῶν
831 825 879 874 κη·
920 821 976 858 cnm
988 809 1042 871 ipso
1056 808 1188 860 delectetur
1200 810 1298 862 victoria
1313 816 1339 864 et
1349 814 1478 876 praeconio.
1512 815 1559 867 Ubi
1570 823 1707 872 renouatus

65 888 252 972 ςρυγμότων·
277 888 343 949 ὅπου
362 889 389 950 δὲ
415 890 460 950 καὶ
486 890 594 960 ὁπόνος
610 897 658 966 τῇς
677 895 764 974 ψυχῇς
785 894 879 965 αὐτῇς,
920 897 1007 948 onimae
1016 897 1707 973 soliuslaborposcitur‚soliusauimaecertamencsrnitur,

90 980 181 1039 καὶτὸ
203 978 344 1058 ἀγώνισμα
363 983 411 1052 τῇς
428 983 514 1063 ψυχῆς
529 979 624 1062 μόνης,
644 982 690 1042 καί
708 981 767 1055 νίκη
787 981 879 1060 μόνης,
920 985 995 1036 solius
1004 989 1041 1036 est
1049 986 1212 1050 victoria,bic
1221 988 1372 1040 occasionem
1380 989 1445 1042 illius
1454 991 1644 1056 negligetauima
1649 996 1707 1060 ,bic

90 1073 204 1129 ἐνταῦθα
218 1067 371 1151 παρόψεταί
383 1094 441 1129 τινα
454 1073 552 1149 ἀγῶνος
565 1071 665 1154 καιρόν,
677 1072 722 1132 καί
735 1070 880 1154 ῥᾳθυμήσει
920 1075 1002 1126 volens
1016 1076 1143 1139 sciensque
1151 1077 1271 1141 torpebit?
1284 1078 1326 1129 ubi
1336 1091 1381 1129 nec
1392 1079 1456 1130 mule
1463 1116 1471 1143 ,
1483 1095 1528 1133 nec
1539 1081 1643 1136 oleaster
1652 1099 1707 1150 pro·

89 1163 202 1233 ἑκοῦσα,
217 1156 285 1218 ὅπου
301 1157 369 1238 μήτε
388 1161 461 1238 μῆλα
479 1159 546 1240 μήτε
560 1159 659 1230 κότινος
674 1160 703 1220 τὸ
718 1151 806 1234 ἀθλον,
820 1158 880 1219 ἀλλ’
919 1165 1381 1230 poniturpraemium,ssdillerumloeo
1389 1168 1590 1234 aliud,qnod,si
1602 1173 1707 1237 pulclrri·

89 1248 146 1308 ἀντὶ
168 1247 271 1308 τούτοιν
292 1245 447 1331 ὁιραιότερον
462 1251 510 1328 μὲν
531 1249 596 1332 πρὸς
608 1248 769 1333 φιλοτιμίαν,
785 1251 878 1308 ἀνυσι-
919 1254 1028 1304 tudinem
1035 1254 1634 1322 intueare,mngisexpetendum;sispectatorum
1643 1276 1708 1314 nom·

55 1362 75 1399 ro
89 1337 208 1418 μώτερον
225 1336 253 1396 δὲ
268 1346 321 1406 τοῖς
336 1339 439 1406 θεαταῖς
453 1339 518 1420 πρὸς
532 1337 670 1420 ὠφέλειαν,
684 1337 878 1421 εθδρομώτερον
920 1341 1114 1406 modum,mugis
1120 1343 1234 1406 sitntile;
1243 1343 1324 1408 inquo
1331 1345 1434 1410 demque
1441 1348 1575 1411 expeditior
1581 1349 1612 1400 sit
1619 1351 1707 1403 dicenti

89 1425 116 1485 δὲ
129 1429 168 1510 τῷ
180 1425 288 1506 λέγοντι
299 1425 362 1510 πρὸς
373 1425 461 1485 πίστιν
476 1425 546 1506 βίους
561 1429 596 1488 Ol
611 1424 637 1486 δὲ
652 1425 738 1507 καιροὶ
751 1431 797 1498 τῇς
809 1429 880 1506 ἀγω-
920 1445 1006 1482 cursus
1022 1431 1053 1482 ad
1070 1432 1249 1497 adipiscendam
1268 1434 1471 1488 existimationem
1487 1438 1546 1488 vitm
1562 1440 1708 1504 probabilis?

90 1514 145 1581 νίας
158 1513 208 1574 καί
220 1519 245 1575 ol
255 1512 332 1574 τόποι
344 1513 439 1573 ἀλλοτε
451 1513 527 1574 ἄλλοι
537 1513 610 1596 ἄφνω
622 1515 822 1597 κηρυττόμενοι,
834 1512 880 1574 καί
921 1523 1026 1584 Tempus
1036 1534 1094 1572 vero
1103 1523 1241 1574 certaminis
1248 1522 1321 1586 liujus
1330 1528 1356 1574 et
1364 1524 1433 1576 locus
1442 1539 1491 1576 non
1498 1531 1535 1577 est
1541 1541 1620 1590 nnus,
1629 1543 1709 1594 noque

90 1602 255 1685 ἀθροίζοντες
275 1612 328 1662 πᾶν
341 1601 497 1674 Ἑλληνικὸν
512 1603 672 1678 αὐτόκλητον
687 1604 732 1662 καί
747 1602 880 1682 αὐτεπάγ-
921 1623 973 1658 reno
985 1609 1099 1660 indicitur
1109 1623 1140 1661 ex
1150 1611 1298 1675 improviso;
1308 1613 1333 1662 in
1344 1613 1433 1676 quibua
1446 1617 1496 1664 tota
1505 1628 1549 1664 sua
1559 1622 1644 1680 sponte
1654 1630 1716 1668 con·

89 1695 192 1773 γελτον,
206 1691 254 1752 καί
267 1691 349 1762 ξυνιδν
361 1693 408 1751 οῦκ
421 1691 462 1774 ἐφ’
473 1694 553 1773 ηδονῇ
568 1695 722 1774 ὀφθαλμῶν,
737 1691 806 1751 ἀλλά
819 1698 878 1773 ἀρε·
921 1698 1087 1749 venitGraecie
1096 1736 1103 1762 ‚
1111 1713 1162 1750 non
1171 1703 1200 1750 ut
1208 1701 1292 1751 oeulos
1301 1704 1397 1764 paseat,
1410 1715 1455 1752 nee
1466 1703 1596 1768 voluptatis
1606 1718 1649 1768 spe
1660 1709 1711 1757 tan.

57 1813 75 1850 ,ς
90 1785 136 1854 τῇς
150 1779 250 1840 ἐλπίδι·
267 1779 332 1862 θ’περ
346 1769 420 1857 οἶμαι
434 1805 466 1862 τη
484 1787 530 1840 τοῦ
545 1779 682 1863 ἀνθρώπου
700 1785 772 1862 ψυχῇ
787 1783 881 1854 ηδονῇς
920 1787 987 1848 tum,
998 1787 1042 1836 sed
1050 1787 1162 1838 virtutis:
1173 1787 1239 1852 quod
1248 1802 1303 1839 meo
1312 1789 1411 1852 quidem
1419 1790 1510 1853 judicio
1521 1793 1613 1842 bonum
1622 1793 1709 1846 animae

91 1867 304 1952 συγγενέστερον.
346 1867 420 1930 Ἰδεῖν
441 1875 502 1947 γοῦν
520 1871 589 1928 ἐστιν
608 1868 653 1929 ἐπὶ
668 1867 715 1948 μὲν
736 1867 783 1939 τάς
799 1869 880 1936 ἀλλας
921 1875 997 1938 magis
1006 1879 1043 1926 est
1051 1876 1272 1941 proprium‚quam
1281 1879 1394 1942 voluptas
1402 1879 1452 1928 ills.
1484 1879 1710 1944 Illudpraetereeri·

90 1958 162 2032 θέας,
178 1958 279 2018 ὁπόσαι
293 1956 383 2039 ῥώμης
395 1956 413 2029 ἢ
427 1957 522 2038 τέχνης
536 1957 678 2034 σωμάτων,
691 1956 879 2038 ἀφικνούμενον
921 1962 1154 2028 debis,adrellqua‚
1163 1978 1218 2029 quae
1226 1965 1420 2017 roborsautarte
1426 1967 1533 2031 corporis
1542 1973 1709 2020 coustantcer·

90 2049 193 2130 σπουδῇ
212 2045 307 2108 οὐδένα
325 2051 377 2106 τῶν
395 2051 503 2120 θεατῶν,
525 2051 560 2115 ὡς
579 2046 609 2106 τὸ
628 2045 714 2124 θέαμα
729 2045 880 2121 ζηλώσοντα
921 2051 1024 2114 tamine,
1039 2053 1133 2102 nullum
1151 2053 1214 2102 inter
1229 2057 1266 2102 tet
1279 2057 1425 2116 spectatores
1436 2055 1558 2106 eorenire
1572 2057 1667 2118 animo,
1683 2063 1710 2108 nt

90 2138 107 2211 ἢ
124 2135 319 2217 μιμησόμενον·
336 2135 394 2194 ἀλλ’
411 2139 466 2195 ἐκεῖ
476 2133 523 2214 μὲν
537 2134 563 2204 ἐξ
578 2135 720 2218 ἀλλοτρίων
734 2134 820 2194 πόνων
834 2133 880 2204 τάς
921 2138 1010 2188 imitari
1023 2140 1060 2202 id,
1071 2140 1135 2204 quod
1146 2141 1233 2204 agitor,
1244 2141 1364 2204 autsequi
1373 2141 1431 2192 velit
1441 2155 1448 2191 :
1459 2141 1617 2206 siquidemex
1626 2144 1709 2196 olienis

56 2250 78 2288 pp
91 2228 187 2300 ἡδονὰς
207 2233 264 2293 τοῖς
286 2214 428 2305 ὀφθαλμοῖς
452 2225 635 2306 ἐμαντζόμεθα,
657 2225 703 2284 καί
726 2227 756 2284 εἰς
780 2223 880 2307 μυρίων
921 2226 1711 2292 lbivoluptalemotiulbrumduwpdmurldborlhus3nedlnmllltl

93 2321 192 2376 θεατῶν
208 2313 294 2381 οὐδεὶς
306 2311 338 2373 ἂν
350 2311 452 2382 εὔξαιτο
463 2303 499 2382 εἷς
511 2303 639 2373 εἶναιτῶν
651 2315 678 2370 ἐν
689 2311 761 2394 μέσῳ
771 2317 808 2392 τῷ
819 2335 881 2371 στα-
920 2329 997 2365 nuum
1011 2317 1120 2366 invenias
1136 2317 1323 2380 spectatoribus,
1340 2317 1381 2380 quui
1391 2330 1476 2368 eorum
1488 2321 1557 2382 optet
1570 2333 1624 2370 esse
1639 2335 1708 2372 enu-

92 2405 139 2487 δίῳ
153 2401 325 2482 κονιομένων,
336 2400 355 2474 ἢ
367 2399 486 2476 θεόντων,
498 2400 516 2474 ἢ
531 2399 675 2482 ἀγχόντων,
687 2400 705 2473 ἢ
716 2399 880 2481 ἀγχομένων,
922 2417 1002 2468 mero,
1017 2405 1058 2468 qui
1072 2404 1152 2454 medio
1164 2405 1189 2454 in
1203 2404 1280 2456 stadio
1291 2405 1390 2468 pulvere
1401 2405 1531 2468 foedantur,
1543 2410 1586 2458 aut
1597 2413 1709 2471 currunt,

92 2493 108 2566 ἢ
121 2492 285 2564 τυπτόντων,
300 2489 506 2569 ἢτυπτομένων,
518 2487 587 2562 πλὴν
602 2489 625 2548 εί
635 2487 685 2549 πού
700 2515 739 2558 τις
753 2491 881 2572 ἀνδραπο-
922 2497 964 2540 eut
981 2496 1073 2554 angunt
1088 2496 1130 2541 aut
1148 2495 1278 2555 anguntur,
1292 2494 1335 2543 unt
1353 2493 1441 2543 feriunt
1458 2499 1502 2545 eut
1515 2497 1644 2560 vapulant,
1663 2499 1710 2549 nisi

93 2582 176 2656 δώδης
192 2579 278 2664 ψυχή·
293 2581 404 2638 ἐνταῦθα
421 2579 448 2638 δὲ
463 2584 584 2638 τοσοῦτον
596 2569 671 2656 οἶμαι
684 2578 730 2637 καί
744 2577 792 2651 τὴν
807 2582 881 2657 ἄγω.
922 2581 1001 2630 uuirnu
1011 2581 1121 2644 quosdam
1131 2581 1232 2631 ίΟΓῑθθὸθ
1241 2581 1370 2632 servilibus
1377 2587 1432 2632 nata
1441 2583 1581 2634 ministeriis
1591 2585 1645 2636 {hle
1651 2599 1710 2638 Vero

58 2697 80 2733 25
93 2671 149 2731 νέαν
169 2669 250 2743 τήνδε
273 2665 372 2740 ἐκείνης
386 2671 433 2740 τῆς
453 2665 567 2745 ἀγωνίας
584 2665 784 2748 ριλοτιμοτέραν
800 2658 880 2740 εἶναι,
923 2674 988 2719 tuoto
1005 2671 1050 2719 boe
1066 2676 1189 2720 certamen
1205 2669 1247 2720 illo
1264 2669 1388 2720 liberalius
1403 2685 1470 2733 esse,
1487 2673 1533 2722 bos
1551 2673 1644 2725 iabores
1662 2675 1711 2725 illis

93 2760 137 2819 καί
158 2757 220 2826 τοῦς
240 2755 335 2822 πόνους
353 2758 405 2814 τῶν
430 2752 517 2814 πόνων
540 2753 764 2836 ἀνυσιμωτέρους,
787 2755 833 2814 καί
852 2753 881 2813 τὸ
923 2758 1030 2808 utiliores
1041 2772 1095 2809 esse
1107 2773 1170 2820 reor,
1182 2762 1250 2808 tanto
1262 2760 1338 2822 magis
1350 2761 1481 2825 hecquem
1494 2761 1536 2812 ille
1550 2765 1709 2826 spectatorem

93 2847 201 2930 θέατρον
215 2850 263 2906 τοῦ
282 2843 390 2925 θεάτρου
409 2842 632 2924 συμπαθέστερον,
647 2841 715 2902 ώστε
733 2843 815 2912 οὐδεὶς
829 2847 881 2903 τῶν
922 2847 999 2908 allici;
1013 2850 1101 2897 utnon
1119 2847 1188 2898 facile
1199 2848 1303 2910 aliquem
1314 2861 1345 2898 ex
1357 2849 1417 2912 illis,
1432 2849 1584 2913 quiquidem
1596 2864 1661 2902 σεται
1679 2853 1711 2903 sit

92 2935 240 3019 παρόντων,
256 2939 315 2994 νοῦν
333 2933 412 3014 ἔχων,
428 2935 476 2992 οῦκ
495 2931 526 2991 ἀν
543 2931 648 3010 ,εὔξαιτο
666 2931 824 3013 ἀποθέμενος
837 2933 881 2994 τθν
923 2937 1023 3000 mentis,
1036 2937 1134 3000 reperiri
1145 2949 1215 3001 posse
1228 2941 1326 3002 poem,
1338 2938 1381 3001 qui
1394 2951 1444 2988 nou
1457 2942 1561 2990 certator
1575 2940 1644 2992 malit
1655 2955 1709 2992 esse

91 3023 185 3099 θεατὴν
201 3021 488 3102 ἀγωνιστλςγενέσθαι.
922 3029 1131 3089 quamspectator.

56 3134 79 3173 oo
129 3137 152 3176 s.
168 3114 205 3176 Τί
222 3111 316 3185 δήποτ’
327 3103 374 3170 σύν
381 3112 411 3171 τὸ
421 3109 513 3170 τούτου
527 3108 624 3184 αίτιον;
635 3107 701 3171 Ὀτι
712 3108 759 3178 τάς
771 3109 818 3190 μὲν
828 3115 881 3171 τῶν
954 3121 977 3164 5-
996 3117 1113 3173 Οθῑθῦθθ]
1124 3129 1182 3166 Vtro
1198 3115 1271 3178 huius
1288 3116 1322 3166 rel
1336 3129 1411 3166 ⁶⁸⁰8&
1420 3121 1476 3168 wi?
1486 3117 1550 3176 Quid
1560 3120 1666 3183 torporis
1675 3120 1709 3170 ni·

93 3201 225 3282 corpulento
252 3198 347 3280 τέχνας
368 3199 413 3259 καλ
435 3197 482 3266 τὰς
506 3198 550 3258 ἐπί
569 3198 677 3266 ταύταις
700 3198 881 3281 ταλαιπωρίας
922 3203 1011 3254 mirum
1021 3203 1248 3267 artes,laboresqua
1258 3217 1342 3255 earum
1348 3241 1356 3268 ,
1368 3218 1456 3268 corpus
1468 3219 1515 3256 nou
1527 3207 1597 3258 facila
1605 3209 1709 3260 sustinet

93 3293 121 3350 oi,
137 3299 215 3350 πᾶσα
230 3287 356 3368 ’ἀνέχεται
373 3291 477 3368 σαρκῶν
493 3286 581 3370 φύσις,
597 3285 657 3346 οὐδέ
673 3289 728 3346 ἐστι
743 3286 773 3346 τὸ
788 3293 880 3370 χρῆμα
922 3292 1039 3356 quodvis;
1058 3297 1142 3356 estque
1157 3307 1186 3343 ea
1201 3307 1241 3344 res
1252 3307 1300 3343 nou
1311 3293 1337 3343 in
1351 3293 1477 3345 voluntate
1488 3309 1588 3359 prorsus
1599 3297 1708 3361 cujusvis

91 3379 188 3460 κομιδῇ
203 3373 332 3448 ἑκούσιον,
346 3373 415 3434 ἀλλά
428 3373 552 3458 αὐτοφυές
564 3375 610 3437 καί
622 3375 780 3454 αὐτόματον,
791 3376 836 3436 καί
846 3379 882 3445 εἰς
922 3382 1013 3444 posita,
1025 3381 1067 3432 sed
1076 3381 1208 3444 naturalis,
1219 3382 1261 3432 sed
1271 3385 1416 3445 spontanea,
1428 3385 1453 3434 et
1462 3397 1517 3448 ques
1526 3385 1657 3436 suintinito
1668 3387 1709 3437 bo-

93 3465 195 3545 ὁλίγους
209 3465 240 3523 ἐκ
254 3465 359 3522 πολλῶν
373 3455 446 3536 ῇκον·
460 3462 477 3536 ἢ
492 3463 543 3546 γάρ
556 3462 626 3523 κατὸι
635 3462 741 3542 μεγέθος
751 3469 830 3545 φῦναι
843 3466 881 3523 δεῖ
923 3470 1015 3522 minum
1024 3485 1125 3522 numero
1136 3471 1219 3534 paucis
1231 3473 1263 3522 sit
1271 3484 1398 3536 concessa;
1408 3485 1464 3522 nam
1473 3475 1516 3524 aut
1526 3475 1634 3538 corporis
1645 3476 1709 3526 mole

58 3570 81 3611 ao
94 3553 220 3636 Τιτόρμῳ
242 3551 340 3630 ὅμοιον,
362 3551 379 3624 ἢ
400 3551 469 3611 κατδι
489 3551 628 3634 καρτερίαν
648 3551 765 3626 Μίλωνι,
780 3550 797 3624 ἢ
812 3553 881 3613 κατά
922 3559 1043 3620 Titormo,
1055 3565 1097 3609 aut
1107 3559 1198 3610 viribus
1208 3560 1305 3621 Miloni,
1319 3565 1362 3610 aut
1375 3561 1461 3613 robore
1476 3563 1655 3628 Polydamauti,
1668 3571 1709 3617 aut

95 3639 185 3723 ῥώμην
205 3640 426 3720 Πουλυδάμαντι,
445 3639 545 3714 ῇκατὸι
564 3640 645 3722 τάχος
664 3640 799 3702 Λασθένει·
815 3645 838 3701 εί
852 3641 880 3702 δέ
922 3648 1047 3699 velocitate
1061 3648 1164 3699 similem
1174 3649 1242 3712 prius
1254 3649 1424 3713 nascioportet
1433 3651 1547 3702 Lastheni
1565 3655 1610 3704 :et
1620 3654 1640 3704 si
1653 3655 1708 3718 quis

94 3757 130 3802 τις
144 3729 329 3812 ἀσθενέστερος
349 3729 395 3808 μέν
416 3729 452 3790 ών
469 3736 514 3790 τοῦ
528 3730 651 3804 Ἐπειοῦ,
666 3729 776 3810 αἰσχίων
794 3729 822 3789 δέ
835 3736 881 3790 τοῦ
922 3735 1298 3800 intirmiorsitlipeo,deiormior
1307 3739 1430 3801 Thersite,
1442 3740 1519 3791 minor
1529 3741 1706 3806 Tydeo,njace

94 3819 239 3902 Θερσίτου,
261 3817 411 3900 μικρότερος
428 3817 456 3878 δὲ
474 3825 520 3878 τοῦ
539 3817 657 3892 Τυδέως,
680 3817 836 3902 βραδύτερος
853 3816 881 3878 δὲ
922 3826 1020 3888 tardior,
1028 3826 1233 3890 omniaque,quae
1241 3826 1371 3890 vituperari
1378 3828 1482 3892 possint,
1492 3828 1709 3895 simuliueorpore

93 3915 138 3968 τοῦ
153 3909 282 3983 Αἴαντος,
302 3905 348 3968 καί
362 3906 450 3976 πόσας
467 3906 513 3976 πίας
526 3913 573 3966 τοῦ
588 3905 710 3986 σώματος
724 3906 881 3976 ἐλαττώσεις
921 3913 1086 3977 oorrjunxerit,
1095 3919 1119 3964 et
1128 3919 1219 3964 certare
1228 3921 1309 3965 tanren
1326 3915 1399 3978 velit,
1409 3915 1499 3966 trustra
1512 3916 1648 3981 lroeoptat,
1662 3919 1709 3970 iru-

59 4012 83 4051 ιιι
94 3995 268 4077 ἠθροισμένας
290 3995 368 4078 ἔχων,
392 3994 509 4070 ζηλώσαι
533 3993 581 4068 τλν
607 3994 731 4071 ἀγωνίαν,
755 3986 773 4068 ἦ
795 3994 880 4077 ἔρωτα
922 4004 971 4054 stra
989 4007 1077 4066 speret.
1111 4003 1405 4054 Atvernanimaecontra
1421 4005 1551 4056 certamina
1567 4006 1709 4071 sebabent,

94 4085 197 4166 ῇράσθη
208 4083 281 4145 κενθν
292 4085 337 4145 καί
347 4084 527 4157 ἀτελεύτητον.
569 4083 614 4146 'lb
622 4081 649 4143 δέ
658 4089 704 4156 τῇς
713 4087 798 4165 ψυχῆς
808 4087 879 4163 ἀγω-
921 4097 994 4154 atque
1004 4091 1060 4153 illa;
1072 4091 1142 4154 pauci
1154 4093 1242 4155 quippe
1254 4095 1311 4142 sunt
1325 4092 1480 4156 mortalium,
1492 4093 1536 4156 qui
1549 4107 1598 4143 non
1611 4094 1641 4144 ed
1655 4095 1708 4146 baec

96 4173 210 4253 νίσματα
226 4173 340 4252 ἔμπαλιν
353 4173 408 4255 ἔχει
421 4176 475 4242 τοῖς
485 4176 545 4234 ἐκεῖ·
558 4173 644 4251 ὀλίγον
653 4171 704 4254 γάρ
715 4171 760 4232 καί
772 4172 880 4233 σπάνιον
922 4179 981 4229 satis
993 4183 1104 4229 enatura
1118 4179 1167 4230 sint
1176 4179 1288 4230 instructi
1303 4195 1310 4228 :
1324 4194 1372 4230 uon
1384 4179 1449 4244 quod
1461 4195 1503 4245 per
1514 4195 1541 4232 se
1552 4182 1654 4234 arbitrer
1665 4190 1709 4234 eut

97 4265 121 4319 ἐν
132 4267 171 4346 τῷ
185 4265 239 4322 τῶν
252 4261 394 4345 ἀνθρώπων
408 4261 477 4342 γένει
488 4262 517 4322 τθ
533 4262 570 4341 μὴ
585 4261 706 4344 πεφυκός·
723 4264 752 4321 οῦ
767 4261 818 4344 γὰρ
834 4264 880 4320 αθ·
921 4273 1006 4332 sponte
1016 4281 1059 4318 sue
1071 4269 1136 4318 nasci
1147 4268 1235 4318 enimus
1246 4268 1364 4331 virtutes,
1375 4274 1403 4319 ut
1416 4270 1459 4333 qui
1469 4269 1543 4320 sciam
1560 4273 1585 4321 et
1595 4274 1707 4322 naturum

96 4359 197 4434 τοφυεῖς
209 4353 237 4411 αἱ
249 4356 296 4424 τῇς
307 4355 393 4434 ψυχῆς
406 4350 512 4434 ἀρεταί,
526 4353 554 4410 ού
570 4349 621 4432 γάρ
636 4348 796 4428 αὐτόματοι,
812 4349 881 4409 ἀλλά
921 4357 1009 4420 aliquid
1022 4362 1174 4420 praestruere,
1186 4371 1236 4407 non
1247 4370 1317 4407 secus
1326 4371 1398 4421 quam
1408 4357 1451 4421 qui
1462 4370 1533 4408 mure
1543 4361 1646 4410 maximo
1655 4360 1708 4410 lun·

62 4456 84 4492 is
98 4438 313 4522 προεξεργάζεται
328 4439 376 4519 μέν
394 4464 420 4499 τι
438 4438 484 4498 καί
502 4436 623 4521 ἡφύσις,
642 4435 702 4496 ὅσον
723 4436 879 4497 ύπούάλλειν
922 4444 1062 4494 dementum
1072 4444 1295 4509 snbjicitpnrvum,
1306 4445 1545 4498 eutnnrialtissimae
1556 4461 1656 4511 parram
1668 4463 1708 4499 cn·

97 4529 213 4606 κρηπῖδα
225 4527 316 4606 ὀλίγην
326 4527 434 4608 μεγάλῳ
443 4527 547 4608 τειχίῳ,
558 4525 575 4598 ἢ
585 4524 677 4608 τρόπιν
688 4523 783 4606 μικρὰν
792 4528 880 4607 ὑψηλῇ
921 4533 998 4582 rinam
1013 4548 1019 4583 :
1031 4533 1092 4583 deus
1106 4537 1187 4583 autem
1199 4533 1382 4596 cogitationibus
1394 4535 1506 4586 humanis
1521 4537 1708 4588 contubernales

98 4615 197 4676 ὁλκοίδι·
219 4615 401 4700 συγκατώκιστ
421 4615 449 4675 δέ
469 4621 483 4675 ὁ
502 4614 557 4683 θεὸς
577 4623 630 4684 τοῖς
648 4617 782 4693 λογισμοῖς
796 4613 881 4697 ἔρωτα
921 4620 984 4671 duos
993 4620 1114 4683 adjunxit,
1125 4635 1360 4686 amoremacspem;
1371 4623 1472 4674 alterum
1482 4624 1581 4688 quidem
1592 4629 1708 4690 tanquam

98 4704 141 4762 καὶ
164 4703 273 4778 ἐλπίδα,
287 4703 331 4764 τθν
347 4702 394 4782 μέν
409 4702 522 4787 ὡσπερεί
545 4701 673 4785 πτέρωμά
686 4727 712 4760 τι
725 4708 819 4785 κοῦφον
834 4703 881 4762 καί
922 4709 1015 4759 alarum
1027 4709 1153 4772 remigium
1168 4710 1235 4772 leve,
1247 4711 1313 4774 quod
1329 4711 1354 4760 in
1368 4711 1444 4763 altum
1458 4726 1502 4777 per
1513 4713 1648 4778 sereretur,
1659 4715 1708 4764 ani·

100 4791 247 4874 μετάφσιον,
261 4791 368 4873 έπαῖρόν
379 4815 409 4851 τε
421 4790 466 4851 καί
479 4790 651 4872 ἀνακουφίζον
665 4789 712 4862 πλν
727 4789 824 4871 ψυχὴν,
835 4790 881 4850 καλ
922 4811 1034 4861 mamque
1042 4811 1124 4848 secum
1132 4812 1229 4848 sursum
1237 4799 1581 4866 ieratetexlollat,viamque,
1589 4802 1710 4867 quaquod

63 4892 88 4930 ⁵⁰
103 4881 214 4963 παρέχω
234 4883 301 4961 αὐτῇ
317 4879 411 4961 δρόμον
427 4879 471 4939 ἐπὶ
488 4878 535 4948 τάς
553 4882 633 4951 αὐτῇς
646 4877 742 4960 ὀρέξεις
762 4881 882 4957 (καλοῦσι
921 4887 982 4950 petit
997 4891 1166 4951 consequetur,
1183 4888 1294 4938 ostendat
1313 4889 1392 4954 (qued
1411 4889 1509 4955 quidem
1524 4893 1710 4956 appetitionem

103 4967 126 5026 δὲ
140 4973 163 5028 ol
177 4967 311 5050 φιλόσοφοι
322 4967 353 5028 ab
365 4966 493 5048 πτέρωμα
510 4973 588 5028 τοῦτο
600 4966 683 5048 ὁρμὴν
697 4965 880 5046 ἀνθρωπίνην)·
923 4974 1068 5024 itomanam
1077 4981 1163 5026 vnenut
1171 4977 1336 5042 pbilosopbi);
1346 4992 1402 5043 spes
1412 4993 1471 5030 vero
1480 4979 1584 5029 eubuam
1595 4978 1708 5030 eomitan-

102 5059 127 5114 αί
142 5055 168 5115 δὲ
188 5057 288 5124 ἐλπίδες
302 5055 549 5139 συγκατιρκισμέναι
569 5061 603 5137 τῇ
617 5060 691 5138 ψυχῇ
716 5054 881 5137 παραμύθιον
923 5067 973 5122 tes,
984 5067 1013 5112 ut
1023 5063 1102 5125 illam,
1112 5077 1185 5128 qnam
1197 5064 1317 5128 diximus,
1329 5065 1499 5130 appetitionem
1511 5067 1536 5116 in
1547 5079 1644 5131 qnoque
1654 5081 1707 5119 sus·

101 5147 157 5212 ταῖς
179 5143 288 5205 ἑκάστου
309 5145 415 5225 ὁρμαῖς,
434 5147 463 5205 σθ
484 5143 553 5204 κατά
572 5143 616 5204 τὸν
636 5143 751 5203 Ἀττιαθν
771 5141 882 5216 ποιητλν
924 5152 1014 5202 tineent
1028 5165 1057 5202 ac
1068 5153 1188 5215 solentur;
1202 5168 1250 5204 non
1268 5155 1316 5204 illae
1331 5154 1428 5218 quidem
1440 5167 1526 5217 eaecae,
1541 5156 1570 5206 nt
1584 5155 1615 5205 ab
1628 5156 1708 5207 Attico

104 5233 210 5314 τυφλοί,
224 5233 293 5294 ἀλλά
313 5233 435 5302 ὀξυωπεῖς
456 5234 540 5309 πάνυ,
554 5235 601 5294 οὐκ
619 5236 695 5292 ἐῶσιν
711 5232 791 5305 αὐτὴν
806 5235 881 5292 ἀπα·
924 5239 1129 5306 dicunturpoeto,
1140 5242 1182 5294 sed
1192 5243 1261 5306 longe
1270 5243 1495 5308 perspicacissimae,
1507 5243 1610 5294 animam
1621 5257 1668 5296 uon
1678 5244 1708 5295 si·
